2850 4680
595 477 629 528 1.
648 468 760 527 coonx
777 468 976 529 nnscnrrrvs
997 485 1057 541 pag.
1075 468 1119 526 oa.
1229 434 1231 438 ’

310 965 450 1061 habent
471 967 615 1067 romani
642 966 774 1039 fuerint
803 965 890 1062 tnnc
915 957 1018 1065 gothi
1045 972 1091 1066 tin
1204 949 1207 955 ¹

300 1066 523 1180 ‘g'rediantur
545 1083 583 1154 in
609 1083 691 1154 ioco
716 1083 902 1180 hospitum
932 1098 967 1155 et
993 1080 1123 1157 ducatl
1149 1081 1210 1176 {od

313 1199 511 1270 terminum
541 1195 690 1271 fuerat²
720 1214 903 1272 ostensus.
919 1214 1007 1273 tunc
1034 1195 1160 1301 inflex

314 1340 408 1412 quos
434 1315 606 1407 certiores
633 1317 823 1412 agnouerit
844 1317 955 1405 ¹faciat
981 1343 1043 1389 eos
1068 1305 1122 1407 sla
1180 1312 1182 1317 ’

285 1446 502 1509 sacramenta
526 1433 702 1529 praebere
726 1417 830 1529 Quod
852 1433 1049 1505 terminum
1078 1436 1169 1527 scine
1194 1473 1196 1477 ·

316 1550 388 1623 ulia
413 1549 539 1622 fraude
565 1548 901 1622 demonstrauerint
925 1552 1042 1624 nulius
1069 1542 1127 1645 nio

316 1693 404 1741 unm
430 1667 630 1740 terminum
655 1667 733 1739 sine
759 1681 933 1740 consorte
957 1660 1079 1767 partit‘s
1100 1671 1140 1742 ol

314 1785 428 1857 terius
461 1799 522 1856 aut
549 1784 628 1855 sine
647 1785 831 1880 ispectorc
860 1786 1055 1857 constituat
1079 1779 1188 1888 lquod

315 1901 345 1972 si
369 1900 529 1972 forsitam
557 1901 649 1971 liber
672 1900 745 1972 hoc
768 1900 1103 1996 fecerit-damnnlm

271 2031 304 2084 10
317 2015 522 2114 peruasoris
549 2016 703 2113 excipiat
730 2015 833 2113 quod
859 2017 997 2114 legibus
1024 2009 1134 2108 cointi

316 2133 483 2206 netur.si
501 2158 598 2234 ‘nero
626 2132 700 2206 hoc
721 2158 846 2208 seruus
871 2133 1051 2209 dimiserit
1079 2132 1135 2213 tto

318 2251 421 2322 mino
447 2251 632 2322 nesciente
654 2275 696 2323 cc
721 2248 859 2348 flagella
884 2250 1040 2350 publicio
1065 2275 1117 2324 ecc

317 2379 441 2440 tensus
468 2368 622 2466 accipiat
647 2379 684 2438 et
709 2368 848 2439 nntium
877 2393 920 2439 ex
947 2367 1021 2440 hoo
1047 2361 1184 2464 praeite

319 2483 457 2562 dicium
480 2485 634 2563 domino
659 2499 889 2584 conparetur.

273 2625 557 2701 ¹5CCLXXV11.
588 2628 711 2702 Sortes
737 2629 902 2726 gothicas
924 2641 960 2700 et
985 2628 1128 2702 tertiam
1152 2617 1269 2709 iroma

321 2802 453 2851 norum
481 2800 576 2873 quae
600 2776 694 2849 intra
718 2777 731 2848 l
757 2780 861 2852 annis
888 2805 964 2857 uon
986 2776 1128 2871 fueriint

320 2951 490 3011 reuocate
516 2937 616 3009 nullo
645 2937 759 3010 modo
786 2953 997 3036 repetantur
1021 2940 1141 3038 sijorili
1179 2941 1193 2963 ‘

319 3116 377 3176 ter
402 3102 448 3176 de
477 3105 635 3202 fugitiuis
660 3107 725 3201 qui
753 3107 847 3178 intra
876 3107 886 3176 l
912 3109 1018 3179 annis
1044 3104 1168 3208 iniuen

320 3268 350 3339 ti
372 3292 450 3339 non
471 3264 606 3339 fuerint
628 3292 703 3339 non
732 3266 838 3340 liceat
861 3294 924 3341 cos
949 3268 997 3341 ad
1022 3274 1218 3367 serulitium

274 3433 698 3529 aorcuocareantiquos
724 3458 812 3505 nero
839 3434 1016 3506 terminos
1042 3437 1107 3519 lsic

294 3635 296 3639 >
323 3603 418 3662 stare
440 3590 609 3662 iubemus
634 3589 727 3661 sicut
752 3602 789 3660 et
813 3590 935 3662 bonae
962 3592 1130 3687 ment]ori

324 3774 366 3821 ae
388 3762 493 3846 pater
520 3759 644 3820 noster
669 3748 706 3820 in
734 3750 802 3820 alia
824 3749 902 3846 lege
925 3743 1121 3845 praecepiit

325 3921 362 3980 et
386 3922 482 3982 actas
509 3935 638 3984 omnes
669 3909 792 3985 causas
817 3934 881 3983 sen
910 3910 1011 3982 bona
1039 3933 1104 3982 seu
1129 3897 1259 3994 mTolas

427 4126 456 4194 1)
475 4123 592 4177 ducant?
692 4125 723 4194 2)
746 4124 791 4192 qui
810 4122 885 4175 erat?
