2850 4680
419 449 493 504 LEG.
511 449 618 503 wistri.
639 451 671 513 V,
685 453 711 504 5.
730 468 755 503 e.
768 452 795 504 3.
1129 454 1160 505 0

62 641 115 706 det
136 642 203 721 iiie,
232 643 283 725 qui
304 642 514 706 commendate
535 649 734 723 susceperat,
762 650 792 703 et
810 642 1165 725 praeocissimum

64 868 144 943 tum,
167 824 249 944 priori
273 864 345 928 nihii
368 864 480 927 exinde
507 864 571 927 suis
602 864 765 944 profuisset
794 863 996 946 compendiis,
1034 870 1064 926 et
1086 861 1158 925 nihii

59 1104 186 1191 cogetur
204 1110 377 1186 exsoluere,
400 1116 529 1191 excepto
550 1126 624 1172 auro
643 1116 675 1170 ct
695 1116 837 1192 urgento,
860 1107 941 1191 quod
963 1107 1073 1171 erdere
1092 1086 1155 1171 uon

59 1371 163 1454 potuit.
208 1369 247 1432 m
268 1372 293 1432 si
316 1371 398 1452 quis,
433 1368 502 1432 dum
524 1368 644 1432 domum
677 1371 795 1434 tlummu
819 1371 988 1445 consumit,
1011 1388 1046 1433 se
1070 1371 1157 1452 quusi

59 1579 199 1643 nuxiiium
222 1580 410 1661 praebiturus
433 1580 606 1662 ingesserit,
629 1588 658 1642 et
679 1580 790 1663 aliquid
813 1580 892 1643 [orte
917 1579 1071 1660 rapuerit,
1094 1578 1156 1642 tto-
1194 1656 1196 1659 Ι

58 1792 156 1855 minus
177 1791 283 1855 domus
305 1793 466 1874 diiigenter
487 1792 634 1874 inquiret,
665 1791 743 1853 etsi
766 1809 833 1853 eum
857 1790 994 1854 inuenire
1015 1788 1158 1872 potuerit,

58 2030 108 2094 ille
130 2031 179 2112 qui
201 2034 307 2113 rapuit,
331 2034 359 2094 in
382 2033 579 2116 quudmptum
599 2040 683 2115 rapte
705 2033 852 2096 restituet.
896 2031 981 2095 Etsi
1005 2031 1043 2093 de
1070 2048 1160 2095 com-

58 2269 205 2334 mendatis
229 2271 320 2335 rebus
343 2271 421 2354 opud
444 2279 651 2354 susceptorem
674 2271 786 2354 aliquid
809 2272 887 2335 forte
907 2272 1067 2355 repererit,
1093 2270 1155 2335 tlo-

58 2529 140 2592 mino
160 2531 318 2592 restituere
336 2547 396 2594 non
419 2535 561 2593 moretur.
605 2530 640 2592 Si
657 2543 732 2592 uero
755 2545 834 2610 quae
858 2528 1068 2595 commendato
1089 2527 1158 2591 iue-

59 2775 136 2849 rent,
154 2769 233 2832 furto
258 2769 540 2851 probanturobiota
563 2771 615 2845 ei,
648 2769 696 2850 qui
728 2768 938 2833 commendate
968 2773 1155 2850 susceperat,

60 3024 187 3107 spatium
210 2984 356 3088 tribuatur
377 3025 507 3113 utorio
530 3023 636 3100 docet,
672 2990 770 3088 donec
791 3024 886 3089 furem
908 3043 962 3089 suu
985 3000 1156 3112 inoestigess

59 3264 143 3326 tione
163 3265 327 3345 perquiret.
374 3264 410 3326 Et
442 3266 466 3331 si
500 3281 566 3327 eum
591 3266 757 3346 inuenerit,
787 3269 1028 3331 commendatori
1050 3262 1083 3332 et
1108 3289 1160 3336 rer

58 3490 135 3536 erius
154 3474 303 3554 proprios
326 3473 528 3538 tautummodo
545 3474 716 3555 reformare
737 3482 872 3558 cupatur,
888 3479 1064 3558 compositio
1083 3498 1159 3544 nero

56 3699 136 3783 furti
157 3702 199 3765 od
218 3722 286 3766 eum
308 3703 360 3784 qui
381 3704 487 3768 omno
510 3705 716 3770 commendata
740 3707 900 3787 pertineat.
946 3709 1033 3774 Certe
1055 3710 1083 3773 si
1102 3710 1157 3791 fur

57 3929 120 3978 nou
148 3914 244 3996 fuerit
263 3915 347 4000 iustu
368 3921 513 3982 statutum
544 3923 660 3999 tempus
682 3919 844 3995 inuentus,
872 3920 1017 3985 mediatos
1054 3939 1158 3989 rerum

57 4088 334 4191 commendatarum
355 4103 473 4192 domino
494 4147 515 4193 o
534 4101 718 4212 suscipiente
733 4098 903 4213 'tamenn
922 4139 955 4200 nt
1053 4191 1056 4197 .
