2850 4680
279 482 311 554 ‘t
524 476 614 553 ”ns
636 476 753 548 contr
768 473 971 548 nnscnrmr's
989 471 1051 561 μὴ.
1070 469 1114 544 ot.
1134 471 1141 520 ἵ

277 685 385 797 'quiae
412 691 507 766 intra
531 713 599 764 xxx
614 663 729 765 'annis
755 690 928 765 definitae
946 700 1029 763 *non
1056 686 1115 760 fue

279 840 367 945 nint
392 836 452 909 uel
477 835 659 933 mancipia
684 860 777 932 quae
804 837 841 907 in
870 828 1146 930 contemptione
1192 849 1194 852 ·

272 970 403 1076 poitita
425 977 568 1051 fuerint.
593 978 672 1049 sibe
688 977 824 1050 debita
851 1002 946 1076 quae
974 988 1096 1048 exacta

277 1120 353 1192 non
376 1122 460 1211 sdnt
475 1118 574 1191 nullo
597 1119 711 1192 modo
736 1131 957 1217 repetantur.
986 1118 1070 1188 etsi
1094 1114 1176 1211 quis
1215 1117 1216 1120 ’

249 1254 364 1361 opoist
390 1261 488 1335 hunc
513 1289 578 1335 xxx
604 1289 786 1337 annorum
814 1286 1009 1335 numerum
1032 1285 1100 1331 cau

274 1420 367 1511 rapu
388 1430 539 1478 mouere
565 1406 802 1504 temptauerit
828 1407 894 1476 iste
921 1427 1094 1476 numerus

273 1544 315 1643 eri
340 1547 492 1620 resistat.
520 1560 557 1626 et
582 1547 713 1619 libram
739 1547 816 1620 auri
834 1545 901 1618 'cui
928 1568 989 1616 rex
1014 1545 1109 1615 insse

275 1679 333 1799 rid
359 1704 506 1764 coactus
532 1686 704 1762 exsoluat.
733 1714 861 1761 omnes
887 1700 1007 1760 autem
1036 1709 1101 1786 cau
1132 1784 1134 1788 y

274 1834 342 1916 scis
368 1835 528 1929 quaein
555 1858 666 1930 regno
687 1833 808 1904 bonae
836 1831 1036 1903 memoriae
1063 1828 1174 1926 patris

231 1974 409 2065 ronolstri.
435 1997 499 2045 seu
525 1975 646 2046 bonae
672 1997 736 2045 seu
763 1972 856 2045 male
886 1986 987 2044 actae
1012 1984 1097 2043 srrnt

275 2128 360 2215 notu
385 2114 631 2214 permittimus
657 2115 802 2212 penitus
826 2113 1066 2187 commoneri.
1093 2135 1130 2182 sa

274 2277 322 2329 nc
344 2255 384 2350 oli
409 2254 474 2354 qui
497 2254 740 2328 lidicauerunt
761 2253 771 2300 ¹
801 2252 933 2326 cumde
958 2254 1118 2325 habeant
1141 2273 1180 2322 ra
1229 2342 1231 2345 ι

276 2398 377 2500 tujm.
404 2391 452 2469 de
474 2398 658 2471 illisuero
686 2421 809 2471 causas
834 2395 934 2468 unde
961 2394 1036 2467 dno
1063 2395 1101 2466 iu

274 2526 387 2616 dr'cr'a!
412 2541 650 2639 proferuntur
675 2539 784 2612 nobis
810 2539 978 2633 iubemus
1001 2536 1089 2609 affer

230 2675 318 2766 15rri
347 2695 388 2753 nt
413 2705 504 2778 quas
529 2707 612 2752 cum
640 2680 717 2776 lege
742 2677 952 2751 uideremus
975 2676 1109 2749 admiss

276 2823 326 2918 ais
348 2836 385 2893 et
407 2806 720 2920 praecipientibus
746 2782 872 2892 dibeat
894 2819 1057 2917 probari.

277 2967 334 3039 tit.
361 2963 409 3040 de
434 2953 709 3038 ciommendatis
736 2964 795 3034 uel
824 2961 1068 3034 commodatis
1094 2973 1125 3057 φ

276 3104 570 3181 CCLXXVIII.
593 3077 673 3207 qlui
686 3105 864 3177 cauallum
882 3117 943 3175 aut
956 3102 1152 3200 quodlibet
1161 3072 1375 3177 animaiiurn

272 3239 399 3348 genius
423 3245 469 3318 ad
497 3245 781 3319 custodiendum
808 3244 978 3318 mercede
1004 3245 1099 3344 placi
1215 3243 1222 3293 ἶ

226 3388 317 3489 2otai
347 3387 664 3462 commendauerit
685 3389 715 3460 si
741 3387 891 3486 perierit
917 3389 992 3461 cius

272 3519 362 3631 demi
388 3531 510 3605 meriti
536 3531 596 3603 itte
623 3531 690 3628 qui
711 3510 969 3604 commendata
994 3514 1170 3627 suscepit
1236 3516 1243 3541 ¹
1290 3535 1294 3541 ⁴
1363 3570 1371 3578 -

271 3673 461 3772 exstoluat.
487 3672 519 3744 si
542 3684 667 3744 tamen
692 3671 899 3745 mercedem
928 3670 1061 3743 fuerint

267 3810 352 3912 pro)
380 3812 545 3886 custodia
572 3827 798 3888 consecutus.
828 3811 932 3910 quod
957 3813 987 3885 oi
1014 3811 1122 3884 etiam

325 4077 354 4149 1)
374 4075 577 4132 iudicauerunt?
595 4076 790 4151 litignucrunt?
813 4078 885 4132 Sane
902 4074 931 4128 id
947 4075 998 4127 sibi
1018 4090 1066 4128 rex
1083 4090 1237 4128 reseruasse
1257 4044 1372 4146 uidetur,

369 4182 400 4228 at
417 4177 563 4231 sententias
581 4177 651 4226 inter
669 4189 698 4226 re
717 4173 897 4242 discrepantes
916 4173 1012 4224 iterum
1031 4173 1201 4226 examinaret.
