2850 4680
315 484 374 542 n
592 487 659 542 ιι.
689 479 1031 541 -coorxaasomrs
1045 482 1140 551 ιιι.

314 691 418 750 turma
435 690 473 750 et
493 675 680 778 quidquid
701 677 750 753 ari
773 695 897 778 parate
919 681 974 754 rei
998 678 1214 778 prollectum

317 806 439 883 studio
465 834 550 885 mae
575 814 739 888 utilitatis
762 829 909 912 emptor
933 810 1128 908 adieclerct

317 968 338 1016 a
362 944 530 1017 locorum
559 945 740 1020 iudicibus
766 949 1016 1022 estimetoret
1041 950 1075 1021 ei
1101 950 1176 1042 [qui
1197 948 1236 1021 la

318 1079 466 1153 borasae
492 1083 724 1180 cognoscitur
745 1106 766 1155 a
792 1080 986 1155 uenditore
1013 1076 1115 1179 iulris
1139 1081 1213 1156 atie
1360 1159 1362 1164 .

288 1202 357 1275 ani
383 1204 576 1278 satisfactio
603 1207 695 1279 iusta
716 1204 901 1280 reddatur.

318 1368 470 1448 CCLXL.
496 1376 526 1445 si
553 1376 636 1472 quis
661 1376 860 1472 ingenuum
886 1371 1106 1447 uendederit
1131 1373 1221 1468 culm
1249 1375 1282 1446 is
1360 1448 1362 1451 .

260 1609 266 1624 ι
317 1589 418 1639 suam
442 1567 657 1665 probauerit
683 1568 900 1640 libertatem.
928 1561 1082 1647 cerulum
1105 1581 1171 1641 aut

317 1761 498 1859 praetium
525 1761 620 1834 serui
648 1761 693 1833 ab
720 1761 783 1833 illo
810 1761 874 1858 qui
901 1756 1080 1832 uendedit
1104 1759 1193 1854 {acci

317 1954 396 2049 piat
419 1952 480 2024 ille
501 1951 570 2024 sibi
600 1974 711 2049 quem
738 1950 923 2024 uinditum
949 1941 1212 2041 fuiaoeiconsti

273 2152 305 2206 1⁰
316 2145 413 2218 terit.
441 2158 591 2243 excepto
619 2144 724 2242 quod
751 2146 908 2243 emptori
937 2144 975 2217 in
998 2142 1159 2242 dupllum
1181 2165 1252 2242 pre

315 2338 408 2410 tium
433 2335 537 2436 quod
562 2338 706 2436 accepit
728 2351 878 2435 cogatur
901 2336 1098 2435 exsoluelre
1122 2335 1217 2409 haec

318 2528 426 2604 etde
453 2531 665 2605 mulieribus
692 2529 810 2603 forma
832 2542 1007 2602 seruetur.

317 2733 485 2811 cctxtt.
511 2737 549 2810 Si
575 2737 659 2833 quic
684 2761 830 2810 seruum
855 2759 960 2808 suum
987 2718 1216 2812 uendede'rilt
1239 2757 1338 2838 quae

316 2879 422 2951 sitam
448 2868 525 2952 eiua'
548 2879 717 2952 nesciens
741 2878 946 2952 facultatem
971 2871 1120 2954 habetat
1140 2880 1182 2949 in

272 3046 304 3097 15
316 3021 522 3121 querenldrl
548 3022 701 3095 liberam
723 3034 954 3118 potestatem.
976 3031 1019 3091 et
1043 3017 1113 3090 eibi
1136 3014 1317 3114 ustnrttoet

214 3168 217 3177 '
311 3160 376 3234 ille
403 3165 467 3260 qui
494 3161 664 3235 uendidit
689 3186 772 3233 cum
801 3161 964 3259 potuerit
987 3159 1160 3240 inuenirle
1185 3185 1275 3234 eam.
1354 3148 1355 3151 ¹

318 3299 502 3375 ectxttl.
528 3303 566 3376 Si
592 3327 718 3375 seruus
744 3301 791 3375 de
816 3302 962 3399 peculio
989 3326 1055 3374 suo
1080 3300 1189 3373 suerit
1214 3305 1365 3400 elmptur

317 3431 353 3491 et
377 3419 452 3492 hoc
477 3417 650 3493 dominus
677 3419 753 3491 eius
774 3418 867 3492 forte
893 3417 1063 3492 nescierit
1084 3414 1142 3510 lde
1167 3413 1217 3489 do

315 3537 407 3610 mini
431 3550 614 3634 potestate
636 3562 712 3609 non
738 3551 840 3610 exeat
866 3536 954 3633 quia
980 3560 1057 3608 oon
1082 3511 1285 3630 pri-etium
1357 3637 1362 3645 .

267 3650 381 3723 aoeed
403 3675 460 3724 rea
481 3653 580 3724 cerui
603 3653 662 3724 eui
689 3651 778 3725 dum
803 3653 948 3750 ignorat
969 3651 1124 3746 accepit

316 3770 515 3849 cctxfflt
554 3776 783 3850 conmutatio
809 3776 920 3849 talem
943 3775 1091 3874 qualem
1113 3761 1262 3869 empulo
1285 3771 1341 3848 Ira

313 3899 401 3972 beot
422 3900 645 3974 firmitatem.

310 4019 527 4097 CCLXLllll.
551 4024 781 4140 uenditionic
806 4024 898 4103 haec
920 4024 1041 4099 forma
1066 4023 1247 4113 serueltur
1271 4039 1315 4100 ut
