2850 4680
262 441 317 496 ΙΙ)
456 447 499 497 V·
536 439 650 494 GODEX
668 434 871 496 RESCRIPTVS
891 456 951 515 paga
975 444 1033 513 1¹03.
1054 444 1105 498 col.
1126 448 1152 500 2.

259 634 459 710 damnum*
491 653 580 709 uero
608 663 650 710 ex
676 638 800 711 medio
824 653 979 738 uterque
1005 646 1150 713 sustene

260 807 331 868 ont.
361 810 398 869 et
423 798 451 869 si
479 797 717 895 postmodum
745 797 921 871 dominus
947 825 1068 872 rerum
1095 800 1195 898 apud

260 979 344 1026 eum
372 955 429 1026 oui
454 955 779 1028 commendauerat
804 982 899 1054 quae
928 958 1059 1031 fuerint
1085 984 1151 1058 sup

258 1070 380 1210 pressa
406 1114 632 1211 repperierit.
660 1124 744 1186 outn
771 1115 862 1188 haec
886 1116 1006 1188 illese
1032 1118 1132 1216 psius
1158 1112 1196 1191 di

230 1275 351 1346 oxesit
376 1273 587 1370 perdedisse
611 1277 670 1347 uel
698 1276 793 1346 furto
818 1275 924 1347 fuisse
951 1276 1054 1348 subla

259 1444 308 1504 ta.
335 1433 427 1503 sient
453 1431 509 1503 sur
535 1457 576 1504 ea
604 1457 699 1529 quae
726 1432 879 1503 coelauit
904 1445 944 1502 ut
971 1433 1091 1530 legum
1118 1446 1186 1505 sto

260 1606 336 1666 tuta
361 1593 595 1690 praecipiunt
620 1591 879 1688 conpositione
902 1591 1043 1689 inplere
1070 1605 1219 1692 cogatur

261 1770 464 1847 CCLXXXI.
491 1771 529 1843 si
556 1770 638 1867 quis
664 1769 859 1866 pecuniam
885 1769 952 1840 sub
978 1769 1148 1841 eaunone
1174 1793 1240 1845 sus,

261 1932 359 2029 cepit
384 1929 533 2024 daturus
559 1954 692 2002 usuras.
720 1931 749 2000 si
776 1955 841 2027 per
868 1911 952 2002 caso
979 1930 1135 2026 pecunia

125 2125 132 2133 ⁸
215 2109 248 2162 10
261 2091 371 2188 periit
397 2115 472 2161 non
496 2089 602 2186 stiipe
628 2102 689 2160 aut
714 2089 928 2187 negligentia
956 2083 1134 2161 debitoris

260 2251 325 2321 itte
347 2249 411 2346 qni
437 2227 690 2320 commodouit
710 2251 824 2321 solnm
851 2249 1030 2346 pecuniae
1056 2273 1135 2320 snm

268 2441 365 2489 mom
393 2416 544 2513 recipiat
571 2429 606 2487 et
634 2441 709 2488 non
738 2418 902 2514 requirat
926 2441 1061 2489 usuras.
1100 2417 1156 2488 sin

262 2600 352 2648 uero
379 2601 445 2674 per
467 2566 579 2671 ipsios
605 2574 770 2647 fraudem
794 2575 856 2659 uei
879 2575 1021 2672 eulpam
1051 2575 1183 2651 factum

148 2760 151 2764 ·
264 2750 328 2809 est.
355 2750 392 2831 et
416 2735 612 2833 pecuniam
638 2747 673 2806 et
695 2756 820 2806 usuras
845 2735 976 2806 soluat.
1005 2748 1042 2807 et
1067 2735 1097 2806 si
1120 2736 1165 2808 oli

218 2914 249 2969 15
264 2919 337 2993 qua
364 2895 461 2967 iusso
484 2907 537 2966 est
563 2918 604 2965 ex
631 2917 672 2966 ea
698 2892 855 2989 pecunia
877 2904 1093 2965 consecutus
1120 2907 1156 2965 et

262 3045 502 3153 postmodum
528 3052 689 3150 contigat
714 3059 753 3122 ut
780 3052 935 3148 pecunia
961 3064 1086 3147 pereat
1107 3038 1136 3122 si

266 3228 365 3288 extra
390 3236 569 3309 summam
597 3208 701 3307 quod
728 3222 918 3308 acceperat
944 3207 1104 3281 medinm
1131 3205 1197 3281 lb2
1367 3299 1370 3306 Ι

323 4040 351 4111 1)
371 4037 400 4091 ln
420 4038 512 4094 codice
531 4041 656 4127 scriptnm
675 4039 794 4123 uidetur}
815 4038 824 4090 l
844 4037 982 4105 damnum,
1001 4034 1062 4090 uolt
1082 4043 1092 4089 t
1112 4038 1181 4107 (tur)
1203 4035 1336 4120 domnum.

321 4137 352 4207 2)
372 4135 391 4188 i.
411 4150 436 4189 e.
456 4128 574 4191 littam?
589 4127 594 4131 ⁰
767 4136 769 4138 ’
885 4134 886 4137 ’
1042 4131 1045 4136 ’
1130 4129 1133 4134 ’
