2850 4680
364 497 437 553 uua.
458 498 563 552 ursio.
583 498 628 564 ru,
642 501 668 553 a.
689 516 712 552 e.
731 501 772 554 13.
789 504 830 556 14.
1086 492 1138 558 oe

84 704 124 750 na
144 685 213 749 dum
237 687 287 751 tuit
302 665 376 751 'aum
407 690 498 754 rebus
520 692 586 755 sais
616 691 654 755 ad
676 693 795 756 domum
819 698 975 782 transeunt
998 692 1140 767 alienam,

84 830 240 876 nouercae
261 831 336 877 suae
361 823 507 879 uexentur
530 817 654 879 iniuriis.
708 816 820 880 liudem
853 833 973 899 quoque
999 816 1037 879 de
1060 818 1142 895 aaa,

83 939 302 1022 nepotibusque
323 948 352 1003 et
375 942 514 1022 neptibus
539 943 633 1030 torma
657 948 804 1006 seruetur.
857 940 1084 1042 anrisi‘potar
1105 942 1142 1005 de

84 1065 132 1128 tris
152 1066 243 1129 rebar
266 1068 382 1149 atipaid
399 1056 551 1154 caerterit,
573 1076 627 1133 aat
646 1070 674 1132 si
694 1085 789 1149 saper
809 1076 935 1148 tempas,
949 1068 1043 1157 ‚qaod
1061 1088 1141 1133 con-

85 1192 219 1255 stitutam
240 1200 304 1269 cst,
335 1212 385 1255 res
414 1195 545 1274 fitiorum
562 1198 668 1256 ‘tencre
690 1175 957 1274 praesumpserit,
982 1194 1084 1256 omnia
1104 1195 1142 1256 dc

84 1317 176 1381 rebus
198 1319 264 1381 cias
283 1312 344 1382 tao
363 1321 435 1400 fiiiis
455 1321 492 1383 aa
513 1322 600 1384 caius
621 1328 719 1384 matre
739 1340 790 1384 reo
804 1340 873 1384 esse
886 1303 1051 1401 uidentem
1066 1320 1156 1386 red-'

85 1444 183 1507 denda
205 1451 284 1525 sicat,
307 1453 336 1508 et
360 1448 535 1510 omnimodis
556 1449 733 1512 sarcienda.
892 1449 895 1454 ’
936 1491 943 1534 p
975 1444 978 1450 “

45 1595 144 1680 1V,2.
168 1616 195 1660 a.
213 1598 262 1660 14.
309 1597 450 1677 Antiqua.
495 1598 531 1661 Si
563 1605 660 1661 mater
691 1599 723 1660 ia
749 1599 894 1662 uiduitate
921 1600 1140 1682 permanserit,

41 1731 45 1737 “
85 1733 242 1818 aequatem
276 1731 355 1795 inter
376 1733 454 1812 fitios
486 1733 590 1812 capiat
613 1728 806 1813 portionem3
839 1740 869 1796 et
901 1725 975 1815 qaid
993 1734 1030 1798 rie
1049 1733 1141 1797 rcbas

83 1867 217 1947 fitiorum
247 1886 338 1949 apere
368 1868 529 1931 conueniat
562 1874 697 1931 matrem.
742 1869 838 1932 Mater
872 1871 897 1932 si
932 1871 960 1932 in
996 1868 1142 1933 uiduitate

85 2004 294 2085 permanserit,
318 2003 474 2086 aequatem
497 2005 574 2067 inter
596 2003 674 2067 filias
695 2022 779 2082 suos,
800 2004 907 2080 idest,¹
926 1971 1142 2087 quatemunus

84 2138 211 2220 quisque
231 2156 270 2201 ex
291 2137 358 2200 tiliis
384 2138 604 2202 usufructuario
635 2139 705 2222 irae
725 2140 761 2203 dc
780 2140 927 2221 sanctiate
951 2139 1055 2218 mariti
1076 2138 1136 2203 ha-

86 2273 156 2336 boat
179 2273 371 2354 portianam,
408 2291 495 2354 quam
532 2292 626 2356 usquc
657 2240 704 2337 odl‘
721 2237 939 2356 tompusuitae
964 2288 1044 2337 ‘suae
1068 2293 1142 2338 usu·

85 2407 248 2472 fructuario
272 2408 336 2470 iure
358 2408 522 2488 possideat.
567 2409 705 2473 Ceterum
729 2410 940 2472 ¹nea-donoro
973 2427 1030 2473 nec
1065 2427 1142 2472 uen—
1181 2442 1182 2445 π

86 2542 173 2617 dore,
197 2559 255 2603 nea
280 2542 330 2604 uni
353 2559 392 2603 ex
425 2540 491 2603 tiliis
516 2541 656 2603 conterre
688 2548 868 2621 praesumat.
922 2541 1037 2616 Quodsi
1074 2561 1142 2605 eam

65 2656 134 2745 {nu
157 2675 326 2756 portionem
359 2674 459 2753 ipsam
482 2678 608 2735 matrem
629 2680 787 2748 euertere,
823 2692 877 2736 seu
907 2688 961 2754 por
985 2675 1143 2757 negtigen.

85 2803 166 2882 tium,
188 2802 254 2863 siue
278 2819 332 2882 por
356 2800 456 2864 odium
482 2801 559 2862 torte
586 2800 811 2880 perspexerint:
841 2800 878 2862 od
904 2799 1040 2863 comitem
1062 2800 1143 2864 eiai-

85 2935 156 2998 tatis
178 2939 232 2997 aut
252 2933 289 2996 ori
313 2933 440 3016 iudicem
465 2933 580 2995 reterre
603 2926 663 2994 non
686 2931 840 2995 differant:
878 2940 910 2994 ut
929 2939 1063 3000 ‘matrem
1088 2948 1143 2997 suo

87 3071 310 3133 contestatione
333 3074 563 3146 aornmoneont,
586 3085 624 3131 nc
648 3084 697 3130 res
723 3083 797 3147 spons
819 3066 1063 3157 usufructuariae
1087 3085 1143 3130 ec·

87 3206 175 3285 cepit,
200 3210 323 3267 auertet.
369 3204 442 3266 Num
467 3204 679 3266 usnmt'ruatuni
717 3220 803 3283 quern
835 3202 898 3282 ipso
920 3202 1033 3300 [iuerat
1067 3220 1141 3283 per-

86 3344 218 3419 ceptura,
242 3340 314 3399 darc
338 3339 385 3398 cui
410 3300 565 3415 notuuprtr
582 3337 645 3415 titio
666 3336 716 3396 aet
733 3335 816 3414 fitiac
836 3353 900 3397 aaa
922 3341 1047 3399 aetetar.
1081 3336 1143 3398 Sed

86 3479 116 3535 et
135 3473 216 3553 priori
237 3473 273 3534 de
308 3471 375 3550 ipso
397 3457 456 3531 asa
479 3469 538 3530 sibi
569 3468 666 3530 debito
690 3469 767 3529 inste
798 3468 978 3561 corrqaircre
999 3468 1144 3547 potnerit,

83 3607 182 3689 faeiat
203 3607 408 3687 quodcumqae
431 3603 474 3666 itti
496 3602 672 3666 omnimodis
695 3601 859 3664 iustissime
875 3571 1036 3680 placuerit.
1088 3597 1166 3662 Vc?

86 3760 154 3805 ram
175 3742 203 3803 si
218 3760 307 3805 cerea
328 3737 561 3821 asrrsraataaria
579 3737 721 3817 portione
743 3736 859 3815 aliquid
875 3733 1029 3814 probatur
1050 3752 1143 3796 cuer·

86 3895 169 3955 sam,
190 3875 262 3956 filiis
282 3878 496 3956 postmortem
516 3871 622 3934 matris
654 3870 691 3932 cie
712 3869 777 3931 aias
798 3867 997 3951 facultatibus
1018 3867 1145 3929 sarcia-

85 4020 145 4075 tar.
192 4011 263 4074 Post
289 4010 400 4076 obitam
423 4029 499 4072 acro
527 4007 633 4071 matris
655 4006 777 4088 portio,
814 4020 904 4085 paam
931 4006 1029 4064 mater
1052 4019 1144 4064 acae-

82 4153 194 4233 perat,
228 4147 270 4210 od
296 4148 375 4228 titios
409 4146 578 4228 aequaliter
602 4148 799 4221 reuertatur,
834 4141 908 4222 qaia
928 4157 990 4202 aon
1009 4142 1142 4218 pareant
1243 4192 1245 4196 ,
1286 4165 1291 4173 -
