<?xml version="1.0" encoding="UTF-8"?>
<!DOCTYPE html PUBLIC "-//W3C//DTD XHTML 1.0 Transitional//EN"
    "http://www.w3.org/TR/xhtml1/DTD/xhtml1-transitional.dtd">
<html xmlns="http://www.w3.org/1999/xhtml" xml:lang="en" lang="en">
 <head>
  <title>
</title>
<meta http-equiv="Content-Type" content="text/html;charset=utf-8" />
  <meta name='ocr-system' content='tesseract 3.04.00' />
  <meta name='ocr-capabilities' content='ocr_page ocr_carea ocr_par ocr_line ocrx_word'/>
</head>
<body>
  <div class='ocr_page' id='page_1' title='image "./diewestgothisch00reccgoog_0043.png"; bbox 0 0 2850 4680; ppageno 0'>
   <div class='ocr_carea' id='block_1_1' title="bbox 275 446 1169 522">
    <p class='ocr_par' dir='ltr' id='par_1_1' title="bbox 275 446 1169 522">
     <span class='ocr_line' id='line_1_1' title="bbox 275 446 1169 522; baseline -0.006 -15"><span class='ocrx_word' id='word_1_1' title='bbox 275 456 328 522; x_wconf 65' lang='grc' dir='ltr'>ῃ</span> <span class='ocrx_word' id='word_1_2' title='bbox 465 453 529 504; x_wconf 80' lang='lat' dir='ltr'>vl.</span> <span class='ocrx_word' id='word_1_3' title='bbox 568 447 682 515; x_wconf 77' lang='lat' dir='ltr'><strong>GODEX</strong></span> <span class='ocrx_word' id='word_1_4' title='bbox 699 446 903 515; x_wconf 68' lang='lat' dir='ltr'>nusculrrvs</span> <span class='ocrx_word' id='word_1_5' title='bbox 922 463 983 518; x_wconf 75' lang='lat' dir='ltr'>pag.</span> <span class='ocrx_word' id='word_1_6' title='bbox 998 450 1058 504; x_wconf 74' lang='lat'><strong>104.</strong></span> <span class='ocrx_word' id='word_1_7' title='bbox 1079 449 1131 500; x_wconf 87' lang='lat' dir='ltr'>col.</span> <span class='ocrx_word' id='word_1_8' title='bbox 1146 450 1169 502; x_wconf 89' lang='lat'>1.</span> 
     </span>
    </p>
   </div>
   <div class='ocr_carea' id='block_1_2' title="bbox 273 643 1373 743">
    <p class='ocr_par' dir='ltr' id='par_1_2' title="bbox 273 643 1373 743">
     <span class='ocr_line' id='line_1_2' title="bbox 273 643 1373 743; baseline -0.004 -26"><span class='ocrx_word' id='word_1_9' title='bbox 273 657 430 741; x_wconf 81' lang='lat' dir='ltr'><strong>cogatur.</strong></span> <span class='ocrx_word' id='word_1_10' title='bbox 462 645 497 716; x_wconf 78' lang='lat' dir='ltr'>&#39;si</span> <span class='ocrx_word' id='word_1_11' title='bbox 523 668 611 716; x_wconf 90' lang='lat' dir='ltr'>uero</span> <span class='ocrx_word' id='word_1_12' title='bbox 639 658 779 742; x_wconf 88' lang='lat' dir='ltr'>partem</span> <span class='ocrx_word' id='word_1_13' title='bbox 807 645 966 743; x_wconf 83' lang='lat' dir='ltr'>aliquam</span> <span class='ocrx_word' id='word_1_14' title='bbox 994 643 1041 716; x_wconf 90' lang='lat' dir='ltr'>de</span> <span class='ocrx_word' id='word_1_15' title='bbox 1065 644 1179 717; x_wconf 80' lang='lat' dir='ltr'>rebus</span> <span class='ocrx_word' id='word_1_16' title='bbox 1237 701 1238 704; x_wconf 63' lang='lat'>,</span> <span class='ocrx_word' id='word_1_17' title='bbox 1357 646 1373 703; x_wconf 72' lang='grc' dir='ltr'><strong>ἰ</strong></span> 
     </span>
    </p>
   </div>
   <div class='ocr_carea' id='block_1_3' title="bbox 273 769 1208 868">
    <p class='ocr_par' dir='ltr' id='par_1_3' title="bbox 273 769 1208 868">
     <span class='ocr_line' id='line_1_3' title="bbox 273 769 1208 868; baseline -0.002 -26"><span class='ocrx_word' id='word_1_18' title='bbox 273 770 435 868; x_wconf 89' lang='lat' dir='ltr'>propriis</span> <span class='ocrx_word' id='word_1_19' title='bbox 460 770 630 842; x_wconf 83' lang='lat' dir='ltr'><strong>liberasse</strong></span> <span class='ocrx_word' id='word_1_20' title='bbox 655 771 887 867; x_wconf 74' lang='lat' dir='ltr'>cognoscitur</span> <span class='ocrx_word' id='word_1_21' title='bbox 909 770 969 841; x_wconf 86' lang='lat' dir='ltr'>iile</span> <span class='ocrx_word' id='word_1_22' title='bbox 996 769 1097 841; x_wconf 88' lang='lat' dir='ltr'>cuius</span> <span class='ocrx_word' id='word_1_23' title='bbox 1206 846 1208 848; x_wconf 56' lang='grc'>,</span> 
     </span>
    </p>
   </div>
   <div class='ocr_carea' id='block_1_4' title="bbox 275 880 1265 993">
    <p class='ocr_par' dir='ltr' id='par_1_4' title="bbox 275 880 1373 993">
     <span class='ocr_line' id='line_1_4' title="bbox 275 880 1265 993; baseline -0.016 -24"><span class='ocrx_word' id='word_1_24' title='bbox 275 922 331 968; x_wconf 89' lang='lat' dir='ltr'>res</span> <span class='ocrx_word' id='word_1_25' title='bbox 357 921 480 968; x_wconf 88' lang='lat' dir='ltr'>secum</span> <span class='ocrx_word' id='word_1_26' title='bbox 506 895 685 967; x_wconf 85' lang='lat' dir='ltr'>habuerat</span> <span class='ocrx_word' id='word_1_27' title='bbox 707 897 803 968; x_wconf 84' lang='lat' dir='ltr'>iuxta</span> <span class='ocrx_word' id='word_1_28' title='bbox 826 880 981 968; x_wconf 84' lang='lat' dir='ltr'>inodum</span> <span class='ocrx_word' id='word_1_29' title='bbox 1007 895 1171 993; x_wconf 81' lang='lat' dir='ltr'>perditae</span> <span class='ocrx_word' id='word_1_30' title='bbox 1251 897 1265 926; x_wconf 76' lang='lat'>·,</span> 
     </span>
    </p>
   </div>
   <div class='ocr_carea' id='block_1_5' title="bbox 220 1019 1226 2221">
    <p class='ocr_par' dir='ltr' id='par_1_5' title="bbox 243 1019 1117 1243">
     <span class='ocr_line' id='line_1_5' title="bbox 273 1019 1075 1118; baseline -0.005 -23"><span class='ocrx_word' id='word_1_31' title='bbox 273 1022 325 1095; x_wconf 91' lang='lat' dir='ltr'>rei</span> <span class='ocrx_word' id='word_1_32' title='bbox 349 1022 411 1092; x_wconf 88' lang='lat' dir='ltr'>uel</span> <span class='ocrx_word' id='word_1_33' title='bbox 436 1021 609 1092; x_wconf 81' lang='lat' dir='ltr'>liberatae</span> <span class='ocrx_word' id='word_1_34' title='bbox 636 1022 800 1095; x_wconf 83' lang='lat' dir='ltr'>restituat</span> <span class='ocrx_word' id='word_1_35' title='bbox 828 1046 939 1118; x_wconf 88' lang='lat' dir='ltr'>quam</span> <span class='ocrx_word' id='word_1_36' title='bbox 965 1019 1075 1094; x_wconf 83' lang='lat' dir='ltr'>iudex</span> 
     </span>
     <span class='ocr_line' id='line_1_6' title="bbox 243 1144 1117 1243; baseline -0.006 -23"><span class='ocrx_word' id='word_1_37' title='bbox 243 1147 415 1220; x_wconf 66' lang='lat' dir='ltr'>tratione</span> <span class='ocrx_word' id='word_1_38' title='bbox 441 1144 599 1218; x_wconf 88' lang='lat' dir='ltr'>deducta</span> <span class='ocrx_word' id='word_1_39' title='bbox 625 1148 870 1218; x_wconf 85' lang='lat' dir='ltr'>aestimauerit</span> <span class='ocrx_word' id='word_1_40' title='bbox 894 1147 1117 1243; x_wconf 87' lang='lat' dir='ltr'>portionem.</span> 
     </span>
    </p>

    <p class='ocr_par' dir='ltr' id='par_1_6' title="bbox 220 1264 1139 1744">
     <span class='ocr_line' id='line_1_7' title="bbox 220 1264 1139 1370; baseline -0.001 -25"><span class='ocrx_word' id='word_1_41' title='bbox 220 1264 223 1269; x_wconf 59' lang='grc'><strong>’</strong></span> <span class='ocrx_word' id='word_1_42' title='bbox 273 1273 338 1346; x_wconf 87' lang='lat' dir='ltr'>Sin</span> <span class='ocrx_word' id='word_1_43' title='bbox 364 1286 484 1345; x_wconf 88' lang='lat' dir='ltr'>autem</span> <span class='ocrx_word' id='word_1_44' title='bbox 511 1297 574 1344; x_wconf 87' lang='lat' dir='ltr'>sua</span> <span class='ocrx_word' id='word_1_45' title='bbox 599 1273 724 1344; x_wconf 86' lang='lat' dir='ltr'>omnia</span> <span class='ocrx_word' id='word_1_46' title='bbox 749 1270 930 1370; x_wconf 89' lang='lat' dir='ltr'>perdedit.</span> <span class='ocrx_word' id='word_1_47' title='bbox 958 1297 1041 1344; x_wconf 90' lang='lat' dir='ltr'>curn</span> <span class='ocrx_word' id='word_1_48' title='bbox 1065 1272 1139 1344; x_wconf 89' lang='lat' dir='ltr'>libe</span> 
     </span>
     <span class='ocr_line' id='line_1_8' title="bbox 274 1396 1089 1471; baseline -0.001 -1"><span class='ocrx_word' id='word_1_49' title='bbox 274 1411 370 1471; x_wconf 86' lang='lat' dir='ltr'>raret</span> <span class='ocrx_word' id='word_1_50' title='bbox 396 1399 551 1469; x_wconf 88' lang='lat' dir='ltr'>alienam</span> <span class='ocrx_word' id='word_1_51' title='bbox 578 1398 705 1468; x_wconf 78' lang='lat' dir='ltr'>similis</span> <span class='ocrx_word' id='word_1_52' title='bbox 727 1396 774 1469; x_wconf 89' lang='lat' dir='ltr'>de</span> <span class='ocrx_word' id='word_1_53' title='bbox 797 1397 957 1469; x_wconf 83' lang='lat' dir='ltr'>liberatis</span> <span class='ocrx_word' id='word_1_54' title='bbox 980 1411 1017 1469; x_wconf 89' lang='lat' dir='ltr'>et</span> <span class='ocrx_word' id='word_1_55' title='bbox 1042 1396 1089 1469; x_wconf 90' lang='lat' dir='ltr'>de</span> 
     </span>
     <span class='ocr_line' id='line_1_9' title="bbox 273 1521 1069 1622; baseline -0.003 -27"><span class='ocrx_word' id='word_1_56' title='bbox 273 1523 426 1622; x_wconf 87' lang='lat' dir='ltr'>perditis</span> <span class='ocrx_word' id='word_1_57' title='bbox 454 1523 563 1594; x_wconf 85' lang='lat' dir='ltr'>rebus</span> <span class='ocrx_word' id='word_1_58' title='bbox 589 1523 681 1595; x_wconf 90' lang='lat' dir='ltr'>ratio</span> <span class='ocrx_word' id='word_1_59' title='bbox 710 1521 913 1594; x_wconf 86' lang='lat' dir='ltr'>deducatur</span> <span class='ocrx_word' id='word_1_60' title='bbox 938 1536 978 1593; x_wconf 85' lang='lat' dir='ltr'>ut</span> <span class='ocrx_word' id='word_1_61' title='bbox 1003 1547 1069 1619; x_wconf 93' lang='lat' dir='ltr'>par</span> 
     </span>
     <span class='ocr_line' id='line_1_10' title="bbox 273 1646 1034 1744; baseline -0.005 -23"><span class='ocrx_word' id='word_1_62' title='bbox 273 1663 347 1721; x_wconf 84' lang='lat' dir='ltr'>tem</span> <span class='ocrx_word' id='word_1_63' title='bbox 376 1649 527 1722; x_wconf 83' lang='lat' dir='ltr'>arbitrio</span> <span class='ocrx_word' id='word_1_64' title='bbox 556 1646 750 1720; x_wconf 86' lang='lat' dir='ltr'>iudicantis</span> <span class='ocrx_word' id='word_1_65' title='bbox 774 1649 838 1744; x_wconf 90' lang='lat' dir='ltr'>qui</span> <span class='ocrx_word' id='word_1_66' title='bbox 864 1647 1034 1718; x_wconf 85' lang='lat' dir='ltr'>liberauit</span> 
     </span>
    </p>

    <p class='ocr_par' dir='ltr' id='par_1_7' title="bbox 229 1772 1226 2221">
     <span class='ocr_line' id='line_1_11' title="bbox 229 1772 1144 1871; baseline -0.005 -24"><span class='ocrx_word' id='word_1_67' title='bbox 229 1787 262 1840; x_wconf 82' lang='lat'>10</span> <span class='ocrx_word' id='word_1_68' title='bbox 275 1776 439 1871; x_wconf 82' lang='lat' dir='ltr'>accipiat.</span> <span class='ocrx_word' id='word_1_69' title='bbox 475 1775 609 1846; x_wconf 88' lang='lat' dir='ltr'>iustum</span> <span class='ocrx_word' id='word_1_70' title='bbox 637 1786 691 1844; x_wconf 90' lang='lat' dir='ltr'>est</span> <span class='ocrx_word' id='word_1_71' title='bbox 716 1773 814 1845; x_wconf 89' lang='lat' dir='ltr'>enirn</span> <span class='ocrx_word' id='word_1_72' title='bbox 842 1774 942 1869; x_wconf 90' lang='lat' dir='ltr'>utin</span> <span class='ocrx_word' id='word_1_73' title='bbox 968 1772 1077 1845; x_wconf 85' lang='lat' dir='ltr'>simili</span> <span class='ocrx_word' id='word_1_74' title='bbox 1103 1796 1144 1842; x_wconf 90' lang='lat' dir='ltr'>ea</span> 
     </span>
     <span class='ocr_line' id='line_1_12' title="bbox 276 1897 1226 2003; baseline -0.003 -31"><span class='ocrx_word' id='word_1_75' title='bbox 276 1925 317 1973; x_wconf 85' lang='lat' dir='ltr'>su</span> <span class='ocrx_word' id='word_1_76' title='bbox 345 1924 420 1988; x_wconf 87' lang='lat' dir='ltr'>non</span> <span class='ocrx_word' id='word_1_77' title='bbox 448 1897 624 1969; x_wconf 89' lang='lat' dir='ltr'>damnum</span> <span class='ocrx_word' id='word_1_78' title='bbox 653 1899 750 1969; x_wconf 88' lang='lat' dir='ltr'>solus</span> <span class='ocrx_word' id='word_1_79' title='bbox 777 1899 944 1996; x_wconf 81' lang='lat' dir='ltr'>excipiat,</span> <span class='ocrx_word' id='word_1_80' title='bbox 972 1899 1036 1997; x_wconf 93' lang='lat' dir='ltr'>qui</span> <span class='ocrx_word' id='word_1_81' title='bbox 1062 1923 1100 1968; x_wconf 89' lang='lat' dir='ltr'>se</span> <span class='ocrx_word' id='word_1_82' title='bbox 1125 1897 1226 2003; x_wconf 78' lang='lat' dir='ltr'>graui</span> 
     </span>
     <span class='ocr_line' id='line_1_13' title="bbox 276 2021 1092 2120; baseline -0.002 -25"><span class='ocrx_word' id='word_1_83' title='bbox 276 2024 344 2095; x_wconf 90' lang='lat' dir='ltr'>bus</span> <span class='ocrx_word' id='word_1_84' title='bbox 371 2023 541 2120; x_wconf 89' lang='lat' dir='ltr'>periculis</span> <span class='ocrx_word' id='word_1_85' title='bbox 567 2021 656 2095; x_wconf 91' lang='lat' dir='ltr'>dum</span> <span class='ocrx_word' id='word_1_86' title='bbox 683 2048 746 2094; x_wconf 88' lang='lat' dir='ltr'>sua</span> <span class='ocrx_word' id='word_1_87' title='bbox 773 2025 912 2095; x_wconf 89' lang='lat' dir='ltr'>maiora</span> <span class='ocrx_word' id='word_1_88' title='bbox 938 2023 1092 2120; x_wconf 86' lang='lat' dir='ltr'>perdere</span> 
     </span>
     <span class='ocr_line' id='line_1_14' title="bbox 277 2131 1199 2221; baseline -0.001 -1"><span class='ocrx_word' id='word_1_89' title='bbox 277 2155 313 2220; x_wconf 78' lang='lat' dir='ltr'>et&#39;</span> <span class='ocrx_word' id='word_1_90' title='bbox 338 2131 455 2220; x_wconf 88' lang='lat' dir='ltr'>aliena</span> <span class='ocrx_word' id='word_1_91' title='bbox 482 2149 626 2220; x_wconf 87' lang='lat' dir='ltr'>minora</span> <span class='ocrx_word' id='word_1_92' title='bbox 652 2149 807 2220; x_wconf 88' lang='lat' dir='ltr'>liberare</span> <span class='ocrx_word' id='word_1_93' title='bbox 834 2162 987 2221; x_wconf 86' lang='lat' dir='ltr'>conatur</span> <span class='ocrx_word' id='word_1_94' title='bbox 1013 2149 1199 2220; x_wconf 85' lang='lat' dir='ltr'>obiecerat</span> 
     </span>
    </p>
   </div>
   <div class='ocr_carea' id='block_1_6' title="bbox 229 2328 1333 2768">
    <p class='ocr_par' dir='ltr' id='par_1_8' title="bbox 229 2328 1333 2768">
     <span class='ocr_line' id='line_1_15' title="bbox 276 2328 1329 2449; baseline 0.004 -36"><span class='ocrx_word' id='word_1_95' title='bbox 276 2340 509 2449; x_wconf 69' lang='lat' dir='ltr'>cccxxxiii.</span> <span class='ocrx_word' id='word_1_96' title='bbox 543 2343 647 2441; x_wconf 90' lang='lat' dir='ltr'>quod</span> <span class='ocrx_word' id='word_1_97' title='bbox 672 2345 855 2416; x_wconf 88' lang='lat' dir='ltr'>nesciente</span> <span class='ocrx_word' id='word_1_98' title='bbox 882 2342 1036 2416; x_wconf 89' lang='lat' dir='ltr'>domino</span> <span class='ocrx_word' id='word_1_99' title='bbox 1063 2345 1176 2417; x_wconf 86' lang='lat' dir='ltr'>seruis</span> <span class='ocrx_word' id='word_1_100' title='bbox 1203 2345 1239 2417; x_wconf 89' lang='lat' dir='ltr'>fu</span> <span class='ocrx_word' id='word_1_101' title='bbox 1327 2328 1329 2331; x_wconf 26' lang='lat'><strong><em>¹</em></strong></span> 
     </span>
     <span class='ocr_line' id='line_1_16' title="bbox 229 2487 1333 2616; baseline -0.003 -25"><span class='ocrx_word' id='word_1_102' title='bbox 229 2524 261 2576; x_wconf 86' lang='lat'>15</span> <span class='ocrx_word' id='word_1_103' title='bbox 278 2519 347 2591; x_wconf 88' lang='lat' dir='ltr'>erit</span> <span class='ocrx_word' id='word_1_104' title='bbox 373 2517 687 2616; x_wconf 68' lang='lat' dir='ltr'>commendatum,</span> <span class='ocrx_word' id='word_1_105' title='bbox 713 2519 742 2589; x_wconf 88' lang='lat' dir='ltr'>si</span> <span class='ocrx_word' id='word_1_106' title='bbox 770 2517 806 2589; x_wconf 93' lang='lat' dir='ltr'>id</span> <span class='ocrx_word' id='word_1_107' title='bbox 830 2519 979 2615; x_wconf 90' lang='lat' dir='ltr'>perierit</span> <span class='ocrx_word' id='word_1_108' title='bbox 1004 2518 1107 2591; x_wconf 88' lang='lat' dir='ltr'>domi</span> <span class='ocrx_word' id='word_1_109' title='bbox 1330 2487 1333 2491; x_wconf 21' lang='grc' dir='ltr'>Ι</span> 
     </span>
     <span class='ocr_line' id='line_1_17' title="bbox 278 2693 1022 2768; baseline -0.004 -2"><span class='ocrx_word' id='word_1_110' title='bbox 278 2720 344 2767; x_wconf 89' lang='lat' dir='ltr'>nus</span> <span class='ocrx_word' id='word_1_111' title='bbox 366 2697 461 2768; x_wconf 85' lang='lat' dir='ltr'>serui</span> <span class='ocrx_word' id='word_1_112' title='bbox 486 2696 624 2766; x_wconf 87' lang='lat' dir='ltr'>nulium</span> <span class='ocrx_word' id='word_1_113' title='bbox 649 2693 825 2766; x_wconf 90' lang='lat' dir='ltr'>damnum</span> <span class='ocrx_word' id='word_1_114' title='bbox 853 2695 1022 2766; x_wconf 85' lang='lat' dir='ltr'>incurrat.</span> 
     </span>
    </p>
   </div>
   <div class='ocr_carea' id='block_1_7' title="bbox 275 2852 1127 2972">
    <p class='ocr_par' dir='ltr' id='par_1_9' title="bbox 275 2852 1127 2972">
     <span class='ocr_line' id='line_1_18' title="bbox 275 2852 1127 2972; baseline -0.007 -24"><span class='ocrx_word' id='word_1_115' title='bbox 275 2896 360 2949; x_wconf 81' lang='lat' dir='ltr'>suae</span> <span class='ocrx_word' id='word_1_116' title='bbox 384 2873 485 2963; x_wconf 88' lang='lat' dir='ltr'>enirn</span> <span class='ocrx_word' id='word_1_117' title='bbox 512 2852 657 2971; x_wconf 81' lang='lat' dir='ltr'>inpotet</span> <span class='ocrx_word' id='word_1_118' title='bbox 682 2872 814 2970; x_wconf 87' lang='lat' dir='ltr'>eulpae</span> <span class='ocrx_word' id='word_1_119' title='bbox 831 2872 895 2972; x_wconf 92' lang='lat' dir='ltr'>qui</span> <span class='ocrx_word' id='word_1_120' title='bbox 923 2896 1029 2945; x_wconf 88' lang='lat' dir='ltr'>seruo</span> <span class='ocrx_word' id='word_1_121' title='bbox 1059 2870 1127 2944; x_wconf 89' lang='lat' dir='ltr'>alie</span> 
     </span>
    </p>
   </div>
   <div class='ocr_carea' id='block_1_8' title="bbox 280 3775 610 3899">
    <p class='ocr_par' dir='ltr' id='par_1_10' title="bbox 280 3775 610 3899">
     <span class='ocr_line' id='line_1_19' title="bbox 280 3775 610 3899; baseline 0.024 -47"><span class='ocrx_word' id='word_1_122' title='bbox 280 3775 610 3899; x_wconf 71' lang='lat' dir='ltr'>(cccxxxiiii.)</span> 
     </span>
    </p>
   </div>
   <div class='ocr_carea' id='block_1_9' title="bbox 0 0 1430 4680">
    <p class='ocr_par' dir='ltr' id='par_1_11' title="bbox 0 0 1430 4680">
     <span class='ocr_line' id='line_1_20' title="bbox 0 0 1430 4680; baseline 0 8"><span class='ocrx_word' id='word_1_123' title='bbox 0 0 1430 4680; x_wconf 95' lang='lat' dir='ltr'> </span> 
     </span>
    </p>
   </div>
  </div>
 </body>
</html>
