2850 4680
309 436 368 510 air
499 454 598 508 xxx.
635 446 750 509 connx
769 445 971 507 nascarrrvs
989 456 1015 513 a
1037 445 1096 509 uu
1116 445 1168 500 aa.
1188 446 1213 501 2.

308 643 481 718 CCCXXi.
509 647 546 718 Si
566 646 697 718 marito
726 645 917 742 superstite
942 640 1064 717 ux0r¹
1091 664 1250 714 nouerca
1268 639 1326 712 for

306 811 343 868 tc
368 797 553 868 moriatur.
585 796 650 867 filii
676 796 740 893 qui
766 808 850 866 suut
876 793 922 866 de
950 792 1081 865 endem
1106 791 1277 888 coniugio

306 946 488 1041 procreati
513 947 549 1017 in
576 946 688 1041 patris
713 958 893 1040 potestate
919 944 1094 1016 consistat

308 1106 344 1165 et
370 1118 426 1166 res
453 1118 579 1166 eorum
607 1095 635 1165 si
665 1118 860 1166 nouercam
891 1118 965 1166 nnn
991 1090 1195 1194 superduxe

278 1243 354 1331 trit
379 1267 421 1338 ea
447 1243 662 1317 conditione
689 1243 874 1341 possideat
895 1257 935 1316 ut
961 1243 1052 1316 nihil
1085 1239 1215 1317 exinde

306 1407 369 1467 aut
393 1391 555 1466 uendere
578 1407 641 1466 aut
666 1408 829 1469 euertere
856 1408 918 1467 aut
943 1420 1181 1493 quocumque

305 1555 413 1640 pacto
439 1543 597 1625 alienare
618 1557 827 1642 praesumat
847 1542 913 1617 sed
940 1545 1064 1617 omnia
1090 1543 1173 1616 filiis

304 1694 377 1766 suis
404 1694 542 1792 integra
568 1707 605 1766 et
630 1694 845 1768 intemerata
870 1693 1100 1768 conseruet²

303 1841 439 1916 tructus
465 1859 589 1917 tamen
617 1869 745 1918 omnes
767 1871 836 1941 pro
863 1870 929 1918 suo
957 1845 1034 1917 iure
1060 1843 1240 1940 percipiat

260 2001 341 2063 10et
364 2017 436 2097 una
463 2017 546 2064 eum
572 1993 658 2118 filiis
681 1996 941 2068 communibus
963 2007 1154 2067 consumat

306 2143 483 2242 expensis.
505 2117 619 2241 quum
647 2158 767 2223 autern
794 2144 889 2216 filius
912 2143 1055 2217 duxerit
1080 2136 1271 2216 uxorcnr³

305 2290 380 2363 fitia
405 2292 575 2364 maritum
605 2295 786 2392 acceperit
811 2295 931 2366 statim
954 2320 974 2366 a
999 2309 1102 2393 patre

306 2439 487 2539 derebus
513 2445 685 2517 maternis
710 2469 812 2518 suam
838 2446 991 2543 recipiat
1018 2447 1229 2542 portionem

305 2592 354 2666 ita
379 2607 420 2665 ut
444 2592 710 2682 usufructuario
738 2594 816 2666 iure
842 2597 936 2692 patri
963 2597 1069 2668 tertia
1090 2620 1173 2692 pars
1194 2593 1336 2667 derelin

257 2768 289 2820 15
308 2759 451 2840 quatur.
476 2758 580 2842 pater
604 2758 726 2817 autern
753 2759 827 2818 tam
850 2746 927 2820 filio
954 2771 1064 2843 quam
1092 2745 1188 2819 filiae

302 2913 391 2964 cum⁴
412 2887 502 2968 xx.4
529 2920 645 2968 annus
674 2897 800 2969 aetatis
826 2896 1021 2992 inpleuerit
1046 2895 1205 2969 mediam

301 3067 343 3113 ex
371 3043 500 3116 eadem
527 3070 638 3143 quarn
667 3070 974 3143 unumquemque
997 3045 1176 3142 contingit

356 3808 388 3872 1)·
402 3806 445 3858 uei
464 3806 700 3876 excidisse-palam
722 3818 770 3863 cst.

354 3903 385 3970 2)
406 3902 611 3956 contererentur?
628 3906 774 3974 ¹Vtrumque
793 3906 907 3958 schedae
927 3907 1063 3959 exhibent.

354 3996 385 4065 3)
404 3997 448 4048 ael
468 4000 561 4051 iterum
582 4001 689 4052 excidit.
919 3988 925 4000 ’

350 4090 382 4157 4)
402 4090 457 4143 XX.
476 4107 509 4145 an
530 4094 597 4146 XXI.
618 4099 743 4163 scriptum
763 4099 806 4164 sit,
826 4100 956 4149 incertum
975 4097 1085 4158 Knustio
1104 4098 1253 4152 uidebatur.
