2850 4680
278 486 340 538 ’,ιι
518 485 627 540 vm.
664 482 779 537 cunm
796 470 998 541 anscuurv's
1016 480 1081 555 ραςς.
1096 485 1140 538 ao.

285 674 572 778 CCLXXXVJl
601 681 767 754 uenditio
798 708 863 780 per
891 684 1105 780 scripturam
1131 682 1223 755 facta
1248 663 1371 778 plen}

283 792 428 887 habenlt
449 805 669 891 firmitatem.
696 809 724 878 si
750 809 859 880 etiam
883 809 1060 905 scriptura
1082 808 1137 881 fac

281 946 321 1004 ta
345 927 428 1021 nolu
452 932 558 1002 luerit
583 931 708 1003 datum
735 936 916 1029 praetium
948 936 1100 1006 testibus
1126 960 1197 1029 con

277 1052 470 1152 probeltur.
498 1069 534 1126 et
560 1058 698 1153 emptio
725 1058 859 1130 habeat
885 1059 1095 1130 firmitatem

251 1171 453 1268 ouendritio
479 1181 508 1250 si
535 1179 643 1251 luerit
668 1183 848 1254 uiolenter
881 1197 1020 1255 extorta
1046 1208 1103 1254 res

276 1329 346 1401 per
367 1295 508 1397 mictum
535 1306 586 1376 illi
613 1331 737 1402 aquo
767 1359 920 1378 ........
932 1335 996 1405 q..
1025 1304 1155 1379 odiat¹
1177 1309 1241 1385 uul

279 1428 317 1501 lu
344 1427 477 1525 uolelat
502 1431 653 1503 ratione.

282 1589 592 1686 CCLXXXVlll.
619 1593 656 1665 Si
683 1591 775 1691 quid
801 1619 821 1665 a
847 1617 953 1665 seruo
981 1593 1099 1665 alieno
1118 1592 1226 1666 luerit
1258 1617 1379 1692 conpa

278 1736 408 1828 ratuml
438 1733 591 1807 domino
620 1734 804 1808 nesciente
830 1735 860 1805 si
887 1733 1062 1806 dominus
1087 1733 1195 1807 firma

234 1892 266 1943 10
278 1900 358 1950 esse
383 1877 552 1957 nloluerit
578 1877 805 1974 emptionem
833 1877 1012 1974 praetium
1040 1876 1104 1948 red

277 2017 345 2092 dut
369 2007 537 2115 elmptori
565 2033 600 2090 et
627 2019 766 2116 emptio
790 2020 882 2090 nihil
909 2020 1043 2092 habeat
1068 2020 1260 2092 firmitatis.
1366 2047 1369 2051 ’

280 2203 605 2302 CCLXXXVllll.
633 2207 670 2278 Si
693 2208 775 2304 quis
795 2231 942 2314 seruum
967 2231 1073 2277 suum
1098 2203 1318 2276 uendederit
1343 2217 1378 2276 et

275 2381 413 2469 seruus!
438 2382 552 2479 priori
581 2382 735 2455 domino
759 2385 901 2481 aliquot
923 2385 1063 2456 crimen
1089 2383 1219 2455 obiece

276 2562 335 2633 rit.
363 2549 433 2650 ille
459 2560 522 2654 qui
550 2559 728 2632 uendcdit
752 2561 905 2657 recipiat
930 2586 1041 2657 quem
1066 2557 1239 2631 uindedit

231 2752 263 2804 15
279 2731 528 2832 ...plraetium
555 2733 763 2806 redditurus
789 2735 947 2832 emptori
974 2747 1015 2804 ut
1042 2734 1100 2804 ille

275 2913 314 2982 in
334 2903 455 2987 serluo
482 2935 547 2982 suo
573 2911 737 3007 requirat
762 2911 902 2983 crimen
928 2909 1031 3006 quod
1058 2910 1126 2980 sibi
1151 2858 1302 2985 obiectu

273 3103 327 3160 est
354 3076 457 3169 idem}
485 3085 531 3157 de
558 3086 696 3156 ancillis
722 3085 968 3181 praecipimus
994 3081 1181 3154 custodiri.

275 3281 619 3378 CCLXXXVIllll.
656 3285 828 3381 quotiens
853 3283 900 3355 de
925 3281 1068 3354 uindi'ta
1093 3307 1132 3354 re
1159 3287 1352 3360 contentio

274 3402 545 3483 commlouetur.
572 3412 601 3481 si
628 3411 783 3481 alienam
811 3410 918 3482 luisse
944 3408 1099 3482 constite

225 3548 260 3600 20
275 3539 326 3609 rit
351 3537 495 3635 nlullam
522 3535 677 3607 domino
703 3534 970 3631 praeiudicium
999 3547 1175 3630 conparet

276 3666 329 3734 ita
355 3650 405 3744 ult
429 3659 583 3731 domino
608 3661 671 3756 qui
699 3659 861 3732 uendere
887 3661 1005 3731 aliena
1026 3683 1223 3755 praesump

163 3836 170 3839 Δ
274 3789 367 3859 serit
388 3781 553 3881 dluplum
583 3799 731 3881 cogatur
754 3785 940 3856 exsoluere
965 3780 1134 3854 nihilomi

271 3935 342 3984 rius
367 3926 403 3983 et
426 3911 599 4005 elmptori
628 3910 732 4007 quod
759 3910 900 4006 accepit
923 3908 1105 4004 praetium
1132 3907 1238 3981 reddi
1317 3919 1323 3927 '

325 4165 354 4233 1)
374 4164 509 4232 Scriptura
527 4163 605 4217 ualde
624 4164 712 4215 dubia.
