2850 4680
373 443 570 529 uaojwrsru.
594 477 640 543 rr,
654 480 679 533 a.
700 496 723 532 a.
745 483 842 534 14.15.
861 492 862 495 Ν
1098 491 1153 544 eo

100 661 138 723 rto
160 670 284 744 paterna
304 664 475 729 hereditate
498 665 639 742 fraudari.
663 669 900 743 Quodsi'rnater
917 671 955 736 ad
977 673 1052 743 atius
1074 676 1154 756 nup·

99 838 156 902 tias
190 839 321 904 tortasse
353 843 525 922 transierit,
558 863 596 906 ex
618 863 652 906 aa
676 845 724 908 dio
748 847 998 911 usufructuariam
1020 853 1150 931 ‘portion

96 1029 178 1094 notu,
204 998 292 1096 quana
316 1016 354 1077 de
377 1016 464 1080 tronis
491 1020 587 1082 mariti
610 1020 707 1083 iuerat
723 1029 905 1098 consecuta,
926 1022 976 1086 titii
999 1024 1082 1086 inter
1098 1042 1153 1087 re·

96 1191 192 1272 liquos
216 1210 265 1255 res
290 1199 455 1274 paternus,
491 1198 540 1276 qui
564 1215 602 1258 ex
625 1215 663 1266 eo
687 1199 746 1260 nati
770 1205 839 1262 sont
862 1200 1025 1283 coniugio,
1048 1201 1151 1264 uindi-

97 1368 238 1431 oabunt.'
295 1371 298 1378 ’

54 1652 74 1714 t
78 1648 108 1730 V,
129 1651 159 1716 2.
182 1670 207 1714 c.
233 1653 282 1715 15.
328 1652 461 1733 Antiqua
482 1654 602 1715 nouiter
621 1654 786 1717 emendato.
830 1655 876 1718 No
897 1675 979 1719 uuor
998 1656 1059 1719 sibi
1078 1658 1152 1720 uin—

96 1829 174 1892 dioet
193 1830 275 1910 quod
294 1831 435 1893 inanitum
460 1833 653 1901 eumſsseruis·
679 1834 743 1895 eius
773 1834 947 1915 adquisisse
971 1835 1149 1899 eonstiterit.

95 1987 219 2052 Maritus
240 1990 267 2051 si
290 2003 357 2052 ourn
378 1992 477 2052 seruis
503 1993 607 2054 uxoris
635 2001 719 2055 suae*
732 1993 842 2074 aliquid
867 1993 1061 2076 adquisierit,
1100 1995 1151 2058 net

93 2148 126 2212 in
146 2133 336 2231 cupeditione
358 2150 473 2231 otiqmd
494 2152 573 2215 tueri
592 2151 687 2232 [uerit
707 2159 911 2228 eoeeneeutuo,
944 2153 1016 2216 nihii
1039 2154 1149 2217 exinde

93 2299 171 2393 uxor
188 2300 210 2392 a
232 2329 298 2392 uiro
322 2347 379 2393 sno
403 2336 572 2410 praesumat
596 2337 745 2413 repetere,
768 2347 825 2392 nee
846 2331 910 2411 ipso
935 2332 1066 2410 uiuente,
1087 2349 1145 2394 neo

93 2486 161 2572 'post
185 2490 250 2553 eius
272 2489 404 2553 obitum:
427 2491 481 2550 sod
505 2491 551 2550 uir
564 2490 613 2570 qui
634 2506 760 2550 uxorem
783 2506 867 2550 suain
884 2490 1050 2551 seeundum
1073 2507 1149 2552 san-

93 2645 171 2711 otanr
192 2649 370 2729 scripturam
404 2647 494 2709 habet
531 2649 560 2709 in
587 2632 751 2727 potestate,
783 2648 919 2710 sirnititer
948 2655 978 2709 et
999 2650 1029 2710 in
1052 2649 1149 2711 seruis

93 2810 159 2872 eius
181 2815 359 2891 potestatem
383 2808 523 2886 habebit,
549 2815 579 2870 et
601 2811 700 2870 ornnia
733 2827 809 2889 quae
834 2788 900 2871 curn
924 2810 1022 2885 seruis
1044 2764 1164 2872 uxoris)

93 2987 168 3033 suaa
202 2970 250 3032 oet
272 2969 335 3031 suis
356 2964 396 3031 'in
421 2964 613 3050 expeditione
636 2955 816 3048 ad‘quisiuit,
859 2968 888 3030 in
921 2986 975 3031 sua
999 2974 1148 3050 potestate
1184 2933 1187 2938 ⁵

95 3153 299 3230 permaneant.
345 3147 400 3210 Pro
423 3114 666 3209 oadarnsottieet
686 3118 816 3221 ratione,
839 3130 909 3224 'quia
932 3147 958 3208 si
981 3146 1036 3227 ipsi
1058 3113 1149 3223 serui,

95 3308 164 3371 durn
186 3326 251 3370 ourn
275 3304 395 3368 domiuo
425 3324 481 3368 suo
505 3307 537 3366 in
555 3305 745 3385 expeditione
769 3304 1056 3385 condonabuntur,
1086 3304 1149 3367 oli·

95 3466 168 3549 quid
187 3465 380 3530 admisissent
395 3466 476 3548 forte
495 3421 688 3548 'durnttoourn
711 3466 761 3528 itte
781 3466 833 3545 qui
853 3483 905 3526 eos
925 3483 1028 3526 secum
1050 3464 1149 3526 duee-

96 3636 155 3709 rot,
180 3635 208 3690 et
228 3628 256 3690 ei
275 3627 391 3707 utquid
409 3627 548 3707 feceruut
568 3628 728 3706 unquenti,
744 3628 811 3706 ipse
828 3646 889 3706 pro
904 3628 948 3688 eis
971 3634 1000 3688 et
1019 3643 1150 3706 respon-

95 3809 162 3852 sum
182 3789 311 3851 daturus
335 3793 415 3849 esset
435 3793 464 3848 ot
486 3785 749 3866 compositionem,
784 3786 812 3845 si
834 3787 1000 3865 cretpabitos
1020 3787 1151 3868 fuissent

96 3950 222 4013 inuenti.
263 3947 342 4011 Vnde
362 3948 437 4009 bene
458 3944 586 4024 iubetur,
609 3951 642 4006 ut
659 3943 738 4007 sieut
760 3943 887 4018 tucrum,
908 3944 952 4004 ito
968 3951 997 4004 et
1009 3946 1149 4006 domnum

98 4113 140 4178 od
160 4131 195 4176 ee
214 4112 351 4177 dominat
370 4109 491 4177 nouerit
510 4107 728 4190 pertinendum.
