2850 4680
507 475 606 528 m.
644 467 758 522 conix
776 461 979 522 uuscmr'tvs
997 479 1059 534 rag,
1071 463 1134 518 ¹trra.

245 1163 491 1240 ⁵cccxvr111.
520 1166 671 1239 maritus
697 1167 726 1237 si
751 1166 857 1237 uxori
884 1183 970 1236 snae
993 1161 1134 1260 aliquid
1159 1155 1270 1267 diona

274 1317 369 1389 uerit
394 1330 430 1387 et
456 1317 534 1413 ipsa
559 1331 642 1414 post
668 1317 812 1388 obitum
837 1316 957 1387 mariti
983 1316 1039 1387 sui
1065 1307 1117 1407 Iin
1141 1317 1207 1391 nul

274 1469 310 1539 io
336 1467 471 1539 scelere
496 1465 663 1539 adulterii
690 1467 798 1538 fuerit
824 1469 1050 1540 conuersata
1074 1466 1143 1542 sed

272 1617 317 1687 “in
344 1615 520 1712 pudicitia
543 1615 784 1713 permanserit
809 1628 870 1689 aut
895 1615 924 1686 si
951 1628 1049 1687 certe
1073 1610 1132 1698 lod
1156 1615 1238 1691 alta

276 1766 448 1840 maritum
473 1767 628 1840 honesta
654 1767 917 1839 coniunctione
941 1758 1106 1863 perluene

231 1930 264 1983 10
277 1914 333 1990 rit.
356 1917 403 1990 de
426 1919 502 1991 reb.
528 1917 598 1988 sibi
620 1916 641 1989 a
667 1918 799 1988 marito
826 1916 972 1989 donatis
997 1913 1186 2014 posIsiden

273 2069 386 2142 diet
411 2081 496 2175 post
521 2068 663 2139 obitum
690 2093 795 2140 suum
823 2067 1057 2164 relinquendi
1080 2067 1155 2156 ciui
1179 2069 1290 2143 uolne

277 2174 324 2289 rit
347 2217 481 2289 habeat
507 2229 734 2314 potestatem.
763 2216 826 2288 Sin
854 2230 974 2287 autem
1002 2214 1081 2314 peir
1105 2215 1199 2291 adul

272 2365 371 2462 terir'r
397 2390 461 2437 seu
481 2366 715 2439 inhonestam
743 2334 1043 2438 coniunctionem
1069 2363 1115 2462 sie
1141 2371 1212 2441 mis

279 2518 394 2590 cuisse
410 2519 661 2590 conuincitur.
689 2516 875 2614 quidquid
897 2516 944 2589 de
971 2515 1152 2610 Iaclultate

234 2676 266 2727 1⁵
280 2667 399 2740 mariti
428 2668 482 2739 sui
509 2668 624 2739 fuerat
651 2680 845 2740 consecuta
870 2681 989 2747 totum
1013 2663 1174 2750 linconen
1221 2720 1223 2722 -
1252 2768 1255 2773 y
1320 2735 1323 2742 .

273 2830 398 2889 tanter
425 2817 568 2888 amittat
592 2831 629 2889 et
654 2816 702 2889 ad
726 2816 881 2890 heredes
904 2816 1107 2911 doujatorr‘s

280 2966 462 3063 legitimos
484 2979 697 3056 reuertatur.

279 3116 335 3186 tit.
363 3114 410 3187 de
432 3117 732 3187 successionibus.
761 3126 792 3211 φ

282 3250 439 3334 CCCXX.
469 3262 506 3337 Si
532 3261 636 3360 pater

233 3381 294 3435 au.
323 3415 332 3432 .
358 3414 367 3433 .

319 3821 364 3888 ,1)
382 3818 450 3869 Huic
473 3819 601 3886 paginae,
626 3834 685 3870 curu
710 3824 801 3886 quarta
820 3817 901 3869 fuerit
920 3818 1100 3885 quaternionis
1119 3815 1264 3879 undecimi,
1283 3819 1379 3867 nume-

381 3905 424 3940 rus
444 3889 490 3941 XX
508 3889 689 3941 inscribendus
710 3897 774 3941 erat.
811 3889 875 3939 Nam
894 3890 1016 3956 paginam
1038 3887 1109 3938 XVII
1128 3894 1154 3937 et
1167 3885 1250 3938 XVIII
1271 3889 1378 3937 omniuo

381 3960 491 4027 perisse,
510 3963 537 4011 in
557 3961 753 4030 prolegomenis
773 3959 1025 4010 demonstrauimus
1055 3959 1179 4027 paginam
1203 3957 1262 4008 XIX
1280 3964 1379 4020 autem,

382 4048 415 4115 ex
434 4033 555 4154 qupituix·
568 4031 709 4116 quioquam
728 4032 785 4081 sani
805 4046 897 4080 eruere
916 4029 1025 4080 Knustio
1045 4028 1132 4094 licuit,
1153 4028 1186 4080 ari
1206 4028 1307 4080 calcem
1327 4027 1379 4082 Itu·

385 4118 461 4155 ruse
501 4116 570 4153 roure
588 4116 738 4154 rerecrmus.
1247 4114 1249 4118 ’
