2850 4680
271 501 324 553 ΙΙ
430 494 573 549 xxm.
610 476 1209 552 coossxffltsonwrvspag.1tt.coto.

269 691 317 764 de
339 693 500 788 patetina
526 683 734 759 hereditate
750 680 945 773 fraudari.
971 679 1107 782 quodsi
1133 661 1192 752 ma

266 855 325 913 tes
350 839 396 912 ad
419 834 516 919 aliias
540 839 690 936 nuptias
704 839 876 926 sortasse
902 833 1093 906 transierit
1119 833 1244 904 statim

269 972 594 1092 usufrucltaariam
615 987 824 1084 portionem
849 1009 959 1086 qaam
983 979 1030 1053 de
1058 980 1163 1054 bonis

274 1139 393 1210 masiti
417 1134 543 1231 inierat
568 1149 764 1208 consecuta
775 1132 859 1231 filii
884 1135 980 1204 inter
1003 1129 1074 1202 reli

241 1297 363 1384 ⁵quas
388 1311 445 1358 res
469 1292 651 1386 {paternas
676 1256 742 1385 qai
765 1306 817 1356 ex
843 1306 885 1358 eo
913 1283 993 1353 nati
1017 1293 1102 1354 sant
1129 1301 1199 1348 con

272 1436 375 1534 iugio
403 1425 665 1526 uinidiaabaat.

273 1711 476 1790 cccxxnt.
504 1716 672 1804 miaritas
690 1716 725 1786 si
749 1735 831 1787 cam
848 1713 968 1785 seruis
995 1711 1131 1782 uxoris
1149 1731 1240 1782 suae
1252 1704 1372 1823 adqui

271 1961 379 2040 sierit
404 2007 412 2026 .
440 2011 446 2026 .
471 1965 477 2047 Ι
501 2007 822 2026 ..........

273 2201 364 2274 nihil
391 2198 538 2287 extincte
563 2225 665 2274 uxor
690 2224 714 2272 a
737 2200 821 2273 uiro
846 2223 915 2273 suo
937 2213 1150 2299 praesumat
1176 2219 1263 2292 repe
1318 2195 1323 2201 ’

226 2427 259 2480 10
271 2430 348 2488 tere
376 2440 443 2488 nee
469 2399 560 2515 {ipso
587 2396 735 2489 uiuente
760 2435 827 2486 nee
848 2429 935 2513 post
956 2417 1036 2486 eius
1062 2412 1204 2487 obitam

272 2631 337 2705 sed
362 2633 419 2704 uir
443 2618 518 2728 qiai
542 2656 699 2705 uxorem
726 2657 831 2706 saam
853 2630 1055 2705 secantium
1081 2648 1246 2706 sanctam
1269 2633 1372 2732 scrip

272 2772 354 2850 tusi
379 2765 498 2868 hab1et
522 2777 561 2845 in
582 2788 765 2872 potestate
790 2773 963 2847 similiter
987 2789 1022 2847 et
1050 2779 1088 2845 ia
1112 2799 1186 2846 ser

273 2914 329 2987 uis
356 2913 432 2985 eius
455 2907 676 3010 piotestatem
705 2912 855 2987 habebit
879 2930 914 2988 et
940 2920 1172 3008 omniaqaae

274 3081 357 3128 oum
383 3057 498 3127 seruis
525 3060 670 3154 toxotis
694 3082 785 3130 suae
811 3056 871 3128 ael
892 3061 972 3130 sais
998 3063 1037 3129 in
1063 3054 1258 3151 expeditio
1324 3108 1326 3111 ψ

229 3209 260 3259 15
275 3220 361 3267 nem
389 3193 602 3292 adquiisiait
626 3200 665 3268 in
689 3222 758 3270 saa
779 3213 962 3297 potestate
982 3204 1160 3296 permane

274 3358 347 3416 ant.
375 3369 442 3440 pro
469 3340 607 3436 {eadem
633 3345 775 3420 seilicet
801 3352 945 3421 ratione
969 3353 1058 3453 qaia
1091 3354 1127 3422 si
1154 3350 1371 3426 seruitium

275 3488 358 3567 oum
383 3491 546 3590 domiino
571 3523 639 3571 sao
667 3502 706 3571 in
730 3498 970 3597 expeditione
996 3498 1316 3575 conuersabantar
