2850 4680
336 485 408 543 nuc.
422 487 532 547 musio.
557 489 589 558 ι,
601 491 629 546 ι.
647 489 671 545 ι.
693 490 726 546 3..
737 494 778 548 n.
790 487 834 547 a·
1060 490 1125 552 fn

33 673 167 753 11110.
191 679 222 745 3.
257 676 420 771 fumica.
480 679 526 745 Ne
560 682 664 777 notem
688 681 856 744 uiolenter
867 683 954 764 factu
967 699 971 703 ·’
986 680 1128 744 uenditin

71 825 213 889 venditio
252 824 332 889 iectu
361 844 416 908 per
450 826 628 908 scripturam
663 826 783 908 pienum
810 825 921 890 hebent
946 815 1124 890 firmitatem.

71 961 232 1030 Caeterum
243 969 270 1032 si
294 970 384 1044 etiem
406 969 553 1050 scriptum
575 968 656 1032 secto
675 986 737 1031 non
759 954 910 1044 tueritet
930 969 1030 1031 dotum
1052 982 1125 1048 pre.

69 1113 143 1176 tium
164 1086 376 1194 praesentibus
404 1091 529 1176 testibus
559 1113 782 1217 conprobetur,
812 1119 842 1175 et
868 1112 991 1218 plenum
1015 1086 1131 1175 habeut

69 1256 182 1338 emptio
202 1255 307 1318 robur.
353 1256 492 1320 Venditio
514 1268 615 1333 uero,
647 1259 683 1320 si
714 1257 803 1320 suerit
837 1257 987 1320 uiolenter
1007 1261 1037 1317 et
1070 1271 1126 1337 per

70 1387 182 1463 metum
205 1366 342 1476 extorta,
365 1399 446 1463 nutta
470 1401 570 1463 ualeat
589 1402 717 1464 ratione.

28 1622 101 1701 (eir.
131 1621 212 1701 Η.
235 1643 260 1687 ι.
282 1605 333 1689 13.
387 1624 512 1687 Flauius
536 1578 744 1688 Cintceuintus
772 1644 839 1691 reu.
892 1625 939 1687 De
969 1604 1131 1687 seruorum

69 1732 199 1794 uenddie
221 1733 313 1796 rebus
335 1779 342 1797 .
368 1781 376 1797 .
400 1781 408 1798 .
431 1753 521 1815 quum
547 1736 739 1816 promutpota
757 1736 877 1798 *sanctio
906 1735 984 1796 iuris
1004 1734 1132 1814 vantiqui

69 1858 132 1903 non
152 1841 220 1902 uine
240 1840 428 1902 dominorum
451 1842 607 1920 dispendio
630 1859 790 1903 seruorum
817 1825 1004 1903 conditiones
1018 1820 1060 1902 ’in
1082 1841 1130 1902 ir-

71 1932 162 2010 ritum
174 1949 370 2029 praeceperit
388 1949 543 2028 deuoccmi,
559 1950 782 2029 providentiori
795 1951 914 2031 decreto
934 1949 1130 2028 concutimus,

71 2057 197 2138 eiiepes
217 2038 402 2137 patrios'ud
425 2057 586 2137 aequitatis
603 2060 743 2139 reputem
766 2058 937 2138 redipumue
961 2064 1044 2134 cett.)

36 2264 117 2346 V‚d.
140 2285 164 2328 c.
192 2266 241 2328 14.
288 2264 429 2352 Antiqua.
478 2267 513 2330 Si
545 2285 656 2328 seruus
683 2267 822 2329 uenditus
852 2266 884 2327 in
902 2266 1049 2351 priorem
1069 2265 1129 2327 do·
1179 2254 1181 2258 ’

72 2373 184 2436 minum
204 2374 316 2436 crimen
347 2374 481 2437 obiiciat.
523 2377 553 2438 Si
582 2378 647 2458 quis
676 2394 795 2439 seruum
832 2395 916 2439 suum
947 2362 1128 2453 uendidcrit,

74 2482 189 2562 etipse
211 2463 318 2543 seruus
343 2483 436 2563 priori
458 2481 579 2544 dominc
603 2483 723 2563 aliquod
749 2484 862 2545 crimen
887 2483 1051 2560 obiecerit,
1080 2483 1129 2544 iiie

73 2593 123 2672 qui
142 2590 277 2655 uendidit
298 2589 441 2670 recipiat,
472 2606 558 2668 quem
580 2568 782 2668 condiderat,
804 2590 931 2669 pretium
953 2588 1125 2651 redditurus

72 2700 215 2780 emptori:
249 2703 280 2758 ut
301 2697 418 2775 ipsein
440 2714 530 2759 seruc
551 2714 606 2759 suo
630 2696 765 2781 crimen,
794 2696 873 2776 quod
896 2696 953 2780 sibi
966 2698 1128 2785 obiectum

73 2814 137 2883 est,
158 2802 310 2894 inquirere
329 2806 378 2889 ruet
400 2805 558 2868 uindicare
578 2806 705 2868 studeat.
749 2805 780 2867 1ι1
798 2783 948 2886 autenm
971 2803 1009 2869 de
1031 2808 1128 2869 uncii-

72 2916 110 2978 lis
132 2902 332 2997 praecipimus
358 2916 515 2978 custodiri.
555 2900 775 2976 videmtomen
796 2932 906 2976 seruus
930 2915 981 2976 uel
1003 2916 1129 2991 cnudo,

73 3041 129 3085 eeu
149 3023 262 3091 ιιιιιι1111
277 3021 350 3089 eine
371 3010 562 3086 donationi
565 3019 758 3095 commutati,
780 3021 813 3090 ιἰι
822 3019 972 3100 priorum
994 3021 1129 3099 domino·

74 3147 143 3190 rum
167 3128 266 3208 capite
284 3143 345 3187 non
361 3131 567 3206 torqueantur,
590 3141 687 3206 neque
711 3126 854 3190 credatur
876 3127 938 3212 ets,
958 3131 988 3192 ei
985 3130 1129 3252 priori-

72 3235 129 3341 oue
152 3237 280 3318 domims
303 3237 415 3339 crimen
435 3236 628 3300 obiecerint.

37 3459 123 3539 Μ.
146 3480 171 3524 c.
194 3454 225 3526 8
269 3461 412 3544 Antiqua.
460 3463 507 3525 De
527 3462 646 3544 hirqui
667 3464 768 3528 uiienu
789 3464 921 3527 uendere
942 3442 1137 3550 uetdonares

68 3569 345 3652 praesumpserint.
387 3571 536 3645 Quotiens
565 3571 603 3635 dc
629 3574 749 3636 uendite
768 3574 818 3636 cet
849 3573 963 3635 donata
993 3568 1034 3634 ἰι
1052 3589 1129 3662 con-

74 3680 171 3741 tentio
194 3684 417 3754 commonetur,
437 3679 471 3740 id
491 3671 538 3740 eet
557 3680 584 3742 si
604 3681 732 3744 otiennm
751 3661 888 3762 sortasse
910 3699 974 3743 rem
978 3681 1165 3743 'uendere-'-

73 3780 135 3850 uei.
142 3786 261 3872 donare
284 3807 496 3868 quemcumque
519 3783 705 3868 constiterit,
727 3791 837 3854 nultum
859 3793 986 3871 emptori
1006 3779 1130 3874 proeiu-

73 3895 182 3960 dicium
203 3897 272 3976 tieri
289 3897 409 3977 poterit.
444 3897 508 3969 Sed
519 3898 570 3960 itte
592 3899 641 3979 qui
665 3898 792 3961 ctionem
812 3900 948 3979 fortusse
969 3919 1047 3962 rem
1054 3919 1129 3973 uen-

74 4003 159 4075 dere
171 4005 222 4097 net
237 4005 358 4081 donare
364 4007 601 4099 praesumpsit,
620 4005 755 4088 duptam
784 4006 832 4093 rei
857 4005 979 4096 ἀοιιιίιιι
995 4016 1131 4095 coget-ur

72 4090 252 4179 exsoluere.
274 4117 400 4198 emptori
420 4123 520 4180 tumen
542 4117 622 4200 quod
644 4117 762 4199 occepit
783 4116 910 4198 pretium
929 4092 1017 4180 reddi

931 4237 956 4308 2
