2850 4680
289 462 363 525 unc.
382 466 487 527 wsssu
509 468 541 538 v,
554 468 580 526 r.
601 488 624 527 ο.
640 472 665 528 s.
690 474 736 544 ιν,
758 477 783 530 2.
803 493 827 530 ο.
849 477 873 530 1.
1074 479 1134 538 sa

38 1161 112 1230 122.
136 1183 162 1228 c.
175 1167 204 1227 5.
229 1161 372 1244 Antiqua.
405 1165 453 1228 De
475 1164 567 1228 rebus
588 1184 610 1229 a
629 1165 739 1229 murita
760 1166 880 1230 mulieri
900 1167 1065 1251 concessis,
1083 1165 1135 1231 uel

75 1297 104 1359 si
124 1296 233 1360 mulier
251 1297 348 1380 fecerit
368 1298 559 1362 adulterasse
581 1299 704 1363 detecta.
754 1301 875 1365 Maritus
898 1302 924 1365 si
947 1302 1034 1366 uxori
1057 1318 1133 1364 susc

76 1431 189 1513 aliquid
225 1431 404 1513 dcuuucrit,
435 1435 552 1515 etipsa
584 1441 652 1517 pust
675 1435 787 1500 obitum
808 1435 975 1499 meritisui
997 1437 1027 1500 in
1049 1434 1140 1507 nulla,

74 1565 194 1630 scelere
215 1567 354 1632 adulterii
377 1569 466 1632 luerit
489 1571 750 1652 conucrsuts,sed
774 1571 804 1634 in
820 1570 963 1651 pudicitie
985 1587 1133 1652 pessuma·-v

75 1701 170 1780 scrit,
203 1708 253 1764 sut
276 1709 359 1765 certe
382 1704 409 1769 si
431 1703 470 1766 ud
492 1703 580 1767 ulium
604 1705 741 1767 meritum
763 1703 890 1767 honusta
914 1703 1130 1769 coniunctione

73 1836 270 1916 peruenerit,
305 1835 342 1899 dc
377 1835 467 1900 rebus
497 1836 594 1900 sibiu
621 1839 728 1927 marito
754 1837 874 1901 damulis
903 1834 1080 1919 possidendi
1101 1841 1131 1898 et

72 1976 142 2051 post
163 1971 274 2034 obitum
293 1989 403 2052 suum,
430 1972 456 2035 si
487 1972 563 2036 filius
587 1990 648 2036 nan
669 1973 836 2062 habuerit,
868 1971 1058 2054 relinquendi
1082 1934 1130 2036 cui
1170 2030 1172 2034 ,

73 2103 214 2182 uoluerit,
240 2104 403 2167 secundum
422 2103 606 2199 uoluntatem
628 2104 781 2167 testatoris
804 2105 915 2167 hubent
936 2080 1129 2196 potestatem.

75 2237 234 2300 Caeterum
256 2239 285 2300 si
302 2222 381 2318 lilios
404 2258 465 2301 nan
488 2222 660 2319 relinquens
680 2239 823 2302 intestata
845 2228 1042 2318 discesserit,
1076 2244 1132 2302 aul

74 2370 116 2433 cd
134 2371 276 2434 maritum
297 2372 373 2448 eius,
395 2373 424 2434 si
443 2379 599 2467 superstes
620 2373 763 2450 estiterit,
776 2379 831 2435 cul
851 2374 894 2436 cd
914 2373 1040 2436 heredes
1059 2380 1130 2434 ma-

74 2504 127 2567 riti
157 2484 215 2585 qni
232 2505 422 2568 donationem
449 2507 650 2586 conscripsit,
672 2468 776 2570 ecdem
807 2505 929 2568 donatia
957 2468 1129 2585 pertinebit.

74 2632 108 2703 Si
127 2647 224 2704 sutem
248 2659 301 2723 per
326 2639 526 2721 adulterium,
556 2659 610 2705 seu
639 2659 698 2722 per
720 2641 910 2706 inhonestum
933 2641 1131 2704 coniunctio-

74 2795 143 2842 nem
165 2795 199 2841 sc
221 2778 379 2841 miscuisse
405 2778 618 2857 conuincitur,
640 2776 783 2858 quidquid
807 2777 845 2839 dc
866 2776 1010 2840 facultate
1031 2776 1130 2840 mariti

73 2913 119 2975 sui
142 2911 240 2975 lucrat
262 2917 438 2992 consecute,
462 2917 554 2975 totum
575 2911 930 2988 incunctanterumittul,
954 2916 984 2972 et
1009 2909 1048 2973 sd
1071 2910 1130 2972 he-

75 3048 166 3110 redes
191 3045 359 3128 donatoris,
377 3047 428 3109 uel
447 3046 490 3109 ad
507 3045 587 3127 tilios
609 3046 762 3130 legitimos
781 3051 968 3134 reuertatur,
999 3064 1004 3072 ⁴
1045 3094 1049 3101 f
1093 3091 1098 3100 s

34 3193 89 3276 IV,
105 3195 136 3261 2.
174 3196 285 3260 Titulus
307 3197 347 3259 de
369 3199 626 3263 successionibus.

33 3365 59 3410 c.
74 3345 102 3411 t.
126 3344 270 3428 Antiqua.
308 3346 342 3410 Vl
360 3365 485 3411 soreres
511 3347 747 3429 cumfratribus
770 3347 939 3428 aequaliter
958 3346 991 3408 in
1009 3364 1130 3427 paren-

73 3615 134 3671 tum
156 3607 320 3672 teredtmre
340 3608 512 3672 succedant.
555 3609 584 3672 Si
607 3613 692 3689 puter
707 3615 720 3685 lt
734 3606 783 3668 uel
799 3611 897 3669 mater
910 3602 1043 3666 intestati
1064 3602 1131 3666 dis-

73 3851 238 3933 cesserint,
268 3869 393 3933 scrares
423 3868 490 3914 cum
522 3848 674 3932 fratribus
696 3849 728 3911 in
751 3848 831 3910 amni
848 3853 1017 3929 parentum
1036 3847 1129 3911 tere-

74 4108 167 4173 ditate
186 4107 301 4188 absque
323 4109 425 4190 utque
446 4109 564 4173 abiectu
586 4108 707 4190 aequali
729 4106 877 4172 diuisione
895 4099 1072 4173 suecedent

567 4237 568 4240 ’
931 4227 954 4294 3
