2850 4680
273 459 276 465 ·
314 455 387 508 444.
407 455 512 517 44444.
530 453 565 522 r,
578 453 604 512 4.
625 456 648 511 c.
663 450 728 512 44
742 451 766 512 5.
778 448 936 513 4.”4.’·44.”·
955 457 960 463 ’
1098 458 1156 517 nt

55 662 112 710 seu
132 663 182 707 444
204 645 335 724 aliquae,
357 645 424 718 4444
445 653 556 729 torrae,
578 647 631 708 444
651 650 809 737 4444444444,
832 646 1058 730 uel-quodlibet
1080 649 1152 711 anta

53 764 176 829 4444444444
201 752 483 846 geausuenditur,
511 783 599 828 444444
622 773 781 847 propterea
803 747 971 830 trinitatem
996 748 1152 829 uenditio-

54 882 103 945 nis
124 881 284 961 irrumpat,
306 881 345 943 eo
354 877 449 985 quod
472 881 553 945 dicat
573 861 635 945 4444
657 858 741 946 ruam
768 882 818 947 4414
843 887 940 972 pretio
963 881 1148 977 4444444444.

60 1132 135 1213 t,.o
160 1133 226 1203 42.
246 1131 388 1214 Antiqua
415 1078 494 1194 Vt
466 1153 494 1195 44
515 1151 575 1194 nau
594 1081 688 1216 faerit
708 1135 834 1201 44444444
854 1135 1003 1213 uenditor,
1026 1135 1153 1214 444444444-

96 1234 151 1278 444
172 1215 269 1279 detur.
312 1220 343 1281 Si
368 1219 508 1280 uenditor
531 1235 591 1280 non
614 1219 701 1280 tuerit
724 1219 863 1298 idoneas,
885 1221 1044 1299 inpenuum
1066 1219 1152 1281 444444-

96 1319 234 1364 ussorem
249 1302 323 1363 (4444
336 1300 457 1364 debebit
470 1303 606 1381 emptori,
626 1309 654 1362 ot
668 1303 776 1382 emptio
790 1304 835 1381 ita
850 1272 961 1365 Vtobeot
971 1302 1151 1382 firmitatem.

58 1409 131 1487 V‚A.
155 1413 227 1474 o..5
260 1409 402 1490 Antiqua.
430 1411 482 1474 Si
497 1429 574 1490 pars
593 1412 686 1490 pretii
708 1412 781 1474 data
800 1431 861 1473 non
879 1410 995 1510 suerit.
1028 1414 1058 1474 st
1082 1429 1151 1492 pars

94 1520 182 1601 pretii
206 1519 275 1582 44444
297 1526 352 1597 444,
380 1526 408 1580 44
430 1538 498 1600 pars
520 1525 666 1601 promisso
687 1539 748 1581 non
771 1505 962 1600 adimpletur,
987 1539 1050 1583 non
1073 1539 1151 1606 pro·

93 1635 161 1709 pter
182 1629 241 1690 hoa
265 1628 398 1690 uenditio
422 1627 501 1689 44444
524 1635 684 1708 rumpatur.
728 1629 788 1690 Sed
811 1629 837 1690 si
859 1636 977 1709 emptor
996 1629 1033 1705 ad
1056 1627 1153 1708 pluci-

94 1743 154 1798 tum
177 1742 292 1818 tempus
312 1752 374 1798 non
399 1735 569 1798 exhibuerit
590 1737 676 1816 pretii
701 1735 844 1816 reliquam
874 1739 1061 1817 portionem,
1095 1753 1150 1817 pro

91 1843 186 1924 pretii
204 1851 290 1925 parte
312 1861 399 1923 quam
422 1843 521 1920 debet,
545 1845 644 1905 444444
665 1861 788 1905 usuras:
816 1843 953 1911 44444444
978 1824 1150 1907 44444444-

94 1955 220 2035 4444444,
247 1959 278 2015 ut
298 1971 348 2015 res
369 1958 468 2031 empto
489 1954 640 2015 uenditori
663 1953 771 2015 debeat
792 1953 965 2017 reformari.
994 2001 996 2007 ,
1045 1999 1048 2004 .

57 2144 91 2227 V,
101 2146 130 2212 4.
153 2163 178 2206 o.
189 2144 220 2206 4.
253 2143 395 2223 Antiqua.
431 2142 465 2205 st
486 2142 570 2205 orris
592 2143 671 2205 dotis
690 2143 823 2223 pretium
843 2160 905 2204 non
926 2143 1021 2223 suerit
1041 2142 1150 2222 inpie-

95 2260 166 2316 4444.
210 2253 266 2328 Qut
289 2270 376 2315 arras
410 2269 464 2333 pro
495 2270 681 2334 quacumque
709 2271 744 2314 re
769 2240 942 2333 occeperit,
972 2251 1001 2314 id
1024 2243 1151 2332 cogatur·

95 2361 238 2444 impiere,
268 2360 348 2442 quod
369 2360 492 2443 placuit.
534 2361 658 2442 Emptor
690 2378 764 2423 44444
793 2363 819 2424 44
849 2377 909 2441 per
937 2360 1152 2441 aepritudinern

60 2491 79 2560 s·
94 2477 290 2558 nntqrauem
304 2470 528 2548 necessitatem,
542 2488 621 2549 quoe
641 2469 736 2530 uitari
757 2486 818 2529 non
827 2473 1001 2548 potuerant,
1016 2469 1053 2529 444
1072 2486 1149 2530 aon-

63 2621 67 2651 ;
94 2580 226 2660 stitutum
252 2596 312 2640 non
336 2579 503 2640 occurrerit
531 2577 622 2656 diem,
645 2595 858 2656 quemcumque
884 2576 1016 2637 notuerit
1035 2593 1094 2655 pro
1117 2594 1151 2636 44

63 2690 70 2699 ’
93 2689 232 2770 44444444,
248 2687 300 2767 qui
319 2687 450 2766 pretium
475 2685 593 2766 definito
618 2693 751 2766 ternpore
771 2686 986 2765 percompleat.
1031 2683 1148 2759 Quodsi

66 2794 68 2797 ’
96 2778 256 2862 constituto
281 2797 329 2859 die
349 2815 405 2858 neo
421 2796 487 2874 ipre
508 2780 701 2870 succerrorit,
723 2814 779 2857 neo
796 2813 856 2875 pro
879 2813 913 2856 44
934 2793 1066 2874 diripere
1090 2810 1148 2854 uo·
1234 2809 1236 2814 ·

96 2906 205 2991 inerit,
240 2920 330 2968 44444
349 2905 551 2987 tantummodo
574 2905 713 2985 recipiat,
735 2921 810 2985 quas
834 2903 933 2981 dedit,
939 2902 984 2962 ¹et
1003 2921 1053 2964 444
1075 2901 1150 2964 deti-

61 3017 158 3078 4444
179 3018 241 3077 uon
263 3015 374 3077 444444.

59 3116 133 3225 'qa
156 3142 231 3204 49.
263 3138 405 3220 Antiqua.
442 3138 532 3214 Quod
560 3158 624 3201 reru
654 3139 685 3200 in
712 3137 899 3200 contentione
926 3135 1059 3214 positam
1090 3151 1152 3196 nan

62 3191 186 3288 444444
200 3215 336 3287 uendere
358 3225 408 3286 uei
427 3224 551 3287 donare
596 3225 706 3286 Rem
698 3242 728 3286 44
752 3223 947 3285 contentione
966 3219 1116 3301 posituras
1096 3218 1154 3280 «444

26 3351 29 3355 -
60 3315 143 3372 444
164 3325 254 3389 quarn
275 3309 354 3370 aiter
375 3314 430 3370 aut
450 3314 587 3386 repetere
608 3308 708 3387 coepit
736 3313 790 3368 out
819 3306 956 3384 recipere
978 3301 1151 3366 rationabi-
1174 3382 1178 3393 ,

63 3393 163 3456 iiter
183 3399 327 3473 poterot‘,
350 3409 407 3453 neo
432 3391 521 3454 144444
542 3392 678 3469 donare,
701 3409 761 3452 nec
782 3390 937 3464 uendere,
959 3407 1015 3450 nee
1036 3388 1068 3448 in
1091 3386 1153 3448 aii-
1176 3423 1200 3433 ,.

61 3493 155 3559 quo
175 3478 241 3542 loeo
262 3477 442 3557 transferre.

59 3616 132 3720 V,A,
155 3619 243 3725 442
267 3616 424 3714 Antiqua
464 3615 533 3679 Non
554 3615 646 3677 licere
670 3611 851 3694 parentibus
871 3613 951 3693 filios
981 3628 1054 3672 4444
1078 3628 1152 3689 quo-

68 3716 221 3824 auraque
248 3743 406 3807 contractu
437 3740 564 3805 atterius
597 3739 727 3801 dominio
757 3739 933 3819 subiapore.
978 3737 1151 3799 Parentibus

66 3860 172 3936 titios
196 3888 269 3934 suos
290 3873 352 3933 non
372 3870 462 3932 144444
485 3866 629 3945 uendere,
652 3865 702 3925 444
723 3865 837 3926 donare
858 3871 912 3925 ant
933 3865 1150 3944 oppignorare.
1193 3928 1202 3944 ,

63 3948 302 4076 4444444444
325 3988 436 4070 aliquid
458 3989 515 4050 iuri
538 4002 593 4048 suo
614 3983 758 4047 4444444444
781 3982 830 4044 illo
847 3983 896 4063 qui
920 3981 1149 4061 acceperit,sed

64 4077 329 4201 Vffiafiiap‘retiuni
341 4115 391 4179 444
401 4112 594 4196 repositionis
605 4110 788 4176 romnooon
800 4107 880 4192 quod
891 4107 1030 4183 dederat,
1043 4090 1152 4188 perdat
